%YAML 1.1
%TAG !u! tag:unity3d.com,2011:
--- !u!29 &1
OcclusionCullingSettings:
  m_ObjectHideFlags: 0
  serializedVersion: 2
  m_OcclusionBakeSettings:
    smallestOccluder: 5
    smallestHole: 0.25
    backfaceThreshold: 100
  m_SceneGUID: 00000000000000000000000000000000
  m_OcclusionCullingData: {fileID: 0}
--- !u!104 &2
RenderSettings:
  m_ObjectHideFlags: 0
  serializedVersion: 8
  m_Fog: 0
  m_FogColor: {r: 0.5, g: 0.5, b: 0.5, a: 1}
  m_FogMode: 3
  m_FogDensity: 0.01
  m_LinearFogStart: 0
  m_LinearFogEnd: 300
  m_AmbientSkyColor: {r: 0.212, g: 0.227, b: 0.259, a: 1}
  m_AmbientEquatorColor: {r: 0.114, g: 0.125, b: 0.133, a: 1}
  m_AmbientGroundColor: {r: 0.047, g: 0.043, b: 0.035, a: 1}
  m_AmbientIntensity: 1
  m_AmbientMode: 0
  m_SubtractiveShadowColor: {r: 0.42, g: 0.478, b: 0.627, a: 1}
  m_SkyboxMaterial: {fileID: 10304, guid: 0000000000000000f000000000000000, type: 0}
  m_HaloStrength: 0.5
  m_FlareStrength: 1
  m_FlareFadeSpeed: 3
  m_HaloTexture: {fileID: 0}
  m_SpotCookie: {fileID: 10001, guid: 0000000000000000e000000000000000, type: 0}
  m_DefaultReflectionMode: 0
  m_DefaultReflectionResolution: 128
  m_ReflectionBounces: 1
  m_ReflectionIntensity: 1
  m_CustomReflection: {fileID: 0}
  m_Sun: {fileID: 0}
  m_IndirectSpecularColor: {r: 0.18028378, g: 0.22571412, b: 0.30692285, a: 1}
--- !u!157 &3
LightmapSettings:
  m_ObjectHideFlags: 0
  serializedVersion: 11
  m_GIWorkflowMode: 0
  m_GISettings:
    serializedVersion: 2
    m_BounceScale: 1
    m_IndirectOutputScale: 1
    m_AlbedoBoost: 1
    m_TemporalCoherenceThreshold: 1
    m_EnvironmentLightingMode: 0
    m_EnableBakedLightmaps: 1
    m_EnableRealtimeLightmaps: 1
  m_LightmapEditorSettings:
    serializedVersion: 9
    m_Resolution: 2
    m_BakeResolution: 40
    m_TextureWidth: 1024
    m_TextureHeight: 1024
    m_AO: 0
    m_AOMaxDistance: 1
    m_CompAOExponent: 1
    m_CompAOExponentDirect: 0
    m_Padding: 2
    m_LightmapParameters: {fileID: 0}
    m_LightmapsBakeMode: 1
    m_TextureCompression: 1
    m_FinalGather: 0
    m_FinalGatherFiltering: 1
    m_FinalGatherRayCount: 256
    m_ReflectionCompression: 2
    m_MixedBakeMode: 2
    m_BakeBackend: 0
    m_PVRSampling: 1
    m_PVRDirectSampleCount: 32
    m_PVRSampleCount: 500
    m_PVRBounces: 2
    m_PVRFilterTypeDirect: 0
    m_PVRFilterTypeIndirect: 0
    m_PVRFilterTypeAO: 0
    m_PVRFilteringMode: 1
    m_PVRCulling: 1
    m_PVRFilteringGaussRadiusDirect: 1
    m_PVRFilteringGaussRadiusIndirect: 5
    m_PVRFilteringGaussRadiusAO: 2
    m_PVRFilteringAtrousPositionSigmaDirect: 0.5
    m_PVRFilteringAtrousPositionSigmaIndirect: 2
    m_PVRFilteringAtrousPositionSigmaAO: 1
    m_ShowResolutionOverlay: 1
  m_LightingDataAsset: {fileID: 0}
  m_UseShadowmask: 1
--- !u!196 &4
NavMeshSettings:
  serializedVersion: 2
  m_ObjectHideFlags: 0
  m_BuildSettings:
    serializedVersion: 2
    agentTypeID: 0
    agentRadius: 0.5
    agentHeight: 2
    agentSlope: 45
    agentClimb: 0.4
    ledgeDropHeight: 0
    maxJumpAcrossDistance: 0
    minRegionArea: 2
    manualCellSize: 0
    cellSize: 0.16666667
    manualTileSize: 0
    tileSize: 256
    accuratePlacement: 0
    debug:
      m_Flags: 0
  m_NavMeshData: {fileID: 0}
--- !u!1 &112972223
GameObject:
  m_ObjectHideFlags: 0
  m_PrefabParentObject: {fileID: 0}
  m_PrefabInternal: {fileID: 0}
  serializedVersion: 5
  m_Component:
  - component: {fileID: 112972228}
  - component: {fileID: 112972227}
  - component: {fileID: 112972226}
  - component: {fileID: 112972225}
  - component: {fileID: 112972224}
  m_Layer: 0
  m_Name: Table
  m_TagString: Untagged
  m_Icon: {fileID: 0}
  m_NavMeshLayer: 0
  m_StaticEditorFlags: 0
  m_IsActive: 1
--- !u!114 &112972224
MonoBehaviour:
  m_ObjectHideFlags: 0
  m_PrefabParentObject: {fileID: 0}
  m_PrefabInternal: {fileID: 0}
  m_GameObject: {fileID: 112972223}
  m_Enabled: 1
  m_EditorHideFlags: 0
  m_Script: {fileID: 11500000, guid: eb04474a26afd2e4d9ec70ede8742707, type: 3}
  m_Name: 
  m_EditorClassIdentifier: 
  laserObj: {fileID: 0}
  handObj: {fileID: 0}
--- !u!23 &112972225
MeshRenderer:
  m_ObjectHideFlags: 0
  m_PrefabParentObject: {fileID: 0}
  m_PrefabInternal: {fileID: 0}
  m_GameObject: {fileID: 112972223}
  m_Enabled: 1
  m_CastShadows: 1
  m_ReceiveShadows: 1
  m_DynamicOccludee: 1
  m_MotionVectors: 1
  m_LightProbeUsage: 1
  m_ReflectionProbeUsage: 1
  m_Materials:
  - {fileID: 10303, guid: 0000000000000000f000000000000000, type: 0}
  m_StaticBatchInfo:
    firstSubMesh: 0
    subMeshCount: 0
  m_StaticBatchRoot: {fileID: 0}
  m_ProbeAnchor: {fileID: 0}
  m_LightProbeVolumeOverride: {fileID: 0}
  m_ScaleInLightmap: 1
  m_PreserveUVs: 1
  m_IgnoreNormalsForChartDetection: 0
  m_ImportantGI: 0
  m_StitchLightmapSeams: 0
  m_SelectedEditorRenderState: 3
  m_MinimumChartSize: 4
  m_AutoUVMaxDistance: 0.5
  m_AutoUVMaxAngle: 89
  m_LightmapParameters: {fileID: 0}
  m_SortingLayerID: 0
  m_SortingLayer: 0
  m_SortingOrder: 0
--- !u!65 &112972226
BoxCollider:
  m_ObjectHideFlags: 0
  m_PrefabParentObject: {fileID: 0}
  m_PrefabInternal: {fileID: 0}
  m_GameObject: {fileID: 112972223}
  m_Material: {fileID: 0}
  m_IsTrigger: 0
  m_Enabled: 1
  serializedVersion: 2
  m_Size: {x: 1, y: 1, z: 1}
  m_Center: {x: 0, y: 0, z: 0}
--- !u!33 &112972227
MeshFilter:
  m_ObjectHideFlags: 0
  m_PrefabParentObject: {fileID: 0}
  m_PrefabInternal: {fileID: 0}
  m_GameObject: {fileID: 112972223}
  m_Mesh: {fileID: 10202, guid: 0000000000000000e000000000000000, type: 0}
--- !u!4 &112972228
Transform:
  m_ObjectHideFlags: 0
  m_PrefabParentObject: {fileID: 0}
  m_PrefabInternal: {fileID: 0}
  m_GameObject: {fileID: 112972223}
  m_LocalRotation: {x: 0, y: 0, z: 0, w: 1}
  m_LocalPosition: {x: 4.13, y: 0.614, z: 2.08}
  m_LocalScale: {x: 1.4079702, y: 1.4079705, z: 1.4079705}
  m_Children:
  - {fileID: 1878545768}
  - {fileID: 1396350024}
  m_Father: {fileID: 0}
  m_RootOrder: 6
  m_LocalEulerAnglesHint: {x: 0, y: 0, z: 0}
--- !u!1 &132818623
GameObject:
  m_ObjectHideFlags: 0
  m_PrefabParentObject: {fileID: 177230, guid: dc06161b6d97feb419f45f03b62e14b9, type: 2}
  m_PrefabInternal: {fileID: 0}
  serializedVersion: 5
  m_Component:
  - component: {fileID: 132818624}
  - component: {fileID: 132818625}
  m_Layer: 26
  m_Name: ControllerButtonHints
  m_TagString: Untagged
  m_Icon: {fileID: 0}
  m_NavMeshLayer: 0
  m_StaticEditorFlags: 0
  m_IsActive: 1
--- !u!4 &132818624
Transform:
  m_ObjectHideFlags: 0
  m_PrefabParentObject: {fileID: 413580, guid: dc06161b6d97feb419f45f03b62e14b9, type: 2}
  m_PrefabInternal: {fileID: 0}
  m_GameObject: {fileID: 132818623}
  m_LocalRotation: {x: 0, y: 0, z: 0, w: 1}
  m_LocalPosition: {x: 0, y: 0, z: 0}
  m_LocalScale: {x: 1, y: 1, z: 1}
  m_Children: []
  m_Father: {fileID: 705915500}
  m_RootOrder: 3
  m_LocalEulerAnglesHint: {x: 0, y: 0, z: 0}
--- !u!114 &132818625
MonoBehaviour:
  m_ObjectHideFlags: 0
  m_PrefabParentObject: {fileID: 11494192, guid: dc06161b6d97feb419f45f03b62e14b9,
    type: 2}
  m_PrefabInternal: {fileID: 0}
  m_GameObject: {fileID: 132818623}
  m_Enabled: 1
  m_EditorHideFlags: 0
  m_Script: {fileID: 11500000, guid: ea1001a6626353541ab4d4b39f4c3569, type: 3}
  m_Name: 
  m_EditorClassIdentifier: 
  controllerMaterial: {fileID: 2100000, guid: 11b050e661ec0cf48a289a7266451e91, type: 2}
  flashColor: {r: 1, g: 0.9170069, b: 0.453, a: 0.709}
  textHintPrefab: {fileID: 140952, guid: 5fa42bb9e52706a42b8a1eaf0b54326a, type: 2}
  hapticFlash: {fileID: 11400000, guid: 0830c1cba115cdd478967f3f3463087f, type: 2}
  debugHints: 0
--- !u!1 &147008590
GameObject:
  m_ObjectHideFlags: 0
  m_PrefabParentObject: {fileID: 109154, guid: dc06161b6d97feb419f45f03b62e14b9, type: 2}
  m_PrefabInternal: {fileID: 0}
  serializedVersion: 5
  m_Component:
  - component: {fileID: 147008591}
  - component: {fileID: 147008593}
  - component: {fileID: 147008592}
  m_Layer: 26
  m_Name: Indicator
  m_TagString: Untagged
  m_Icon: {fileID: 0}
  m_NavMeshLayer: 0
  m_StaticEditorFlags: 0
  m_IsActive: 1
--- !u!4 &147008591
Transform:
  m_ObjectHideFlags: 0
  m_PrefabParentObject: {fileID: 422332, guid: dc06161b6d97feb419f45f03b62e14b9, type: 2}
  m_PrefabInternal: {fileID: 0}
  m_GameObject: {fileID: 147008590}
  m_LocalRotation: {x: 0, y: 0, z: 0, w: 1}
  m_LocalPosition: {x: 0, y: 0, z: 0}
  m_LocalScale: {x: 0.025, y: 0.025, z: 0.025}
  m_Children: []
  m_Father: {fileID: 804996745}
  m_RootOrder: 0
  m_LocalEulerAnglesHint: {x: 0, y: 0, z: 0}
--- !u!23 &147008592
MeshRenderer:
  m_ObjectHideFlags: 0
  m_PrefabParentObject: {fileID: 2353626, guid: dc06161b6d97feb419f45f03b62e14b9,
    type: 2}
  m_PrefabInternal: {fileID: 0}
  m_GameObject: {fileID: 147008590}
  m_Enabled: 1
  m_CastShadows: 1
  m_ReceiveShadows: 1
  m_DynamicOccludee: 1
  m_MotionVectors: 1
  m_LightProbeUsage: 1
  m_ReflectionProbeUsage: 1
  m_Materials:
  - {fileID: 2100000, guid: 9e995e61de69d8647ae2b2d65eceab3f, type: 2}
  m_StaticBatchInfo:
    firstSubMesh: 0
    subMeshCount: 0
  m_StaticBatchRoot: {fileID: 0}
  m_ProbeAnchor: {fileID: 0}
  m_LightProbeVolumeOverride: {fileID: 0}
  m_ScaleInLightmap: 1
  m_PreserveUVs: 1
  m_IgnoreNormalsForChartDetection: 0
  m_ImportantGI: 0
  m_StitchLightmapSeams: 0
  m_SelectedEditorRenderState: 3
  m_MinimumChartSize: 4
  m_AutoUVMaxDistance: 0.5
  m_AutoUVMaxAngle: 89
  m_LightmapParameters: {fileID: 0}
  m_SortingLayerID: 0
  m_SortingLayer: 0
  m_SortingOrder: 0
--- !u!33 &147008593
MeshFilter:
  m_ObjectHideFlags: 0
  m_PrefabParentObject: {fileID: 3368578, guid: dc06161b6d97feb419f45f03b62e14b9,
    type: 2}
  m_PrefabInternal: {fileID: 0}
  m_GameObject: {fileID: 147008590}
  m_Mesh: {fileID: 10207, guid: 0000000000000000e000000000000000, type: 0}
--- !u!1 &268380961
GameObject:
  m_ObjectHideFlags: 0
  m_PrefabParentObject: {fileID: 129006, guid: dc06161b6d97feb419f45f03b62e14b9, type: 2}
  m_PrefabInternal: {fileID: 0}
  serializedVersion: 5
  m_Component:
  - component: {fileID: 268380962}
  - component: {fileID: 268380963}
  m_Layer: 0
  m_Name: ControllerHoverHighlight
  m_TagString: Untagged
  m_Icon: {fileID: 0}
  m_NavMeshLayer: 0
  m_StaticEditorFlags: 0
  m_IsActive: 0
--- !u!4 &268380962
Transform:
  m_ObjectHideFlags: 0
  m_PrefabParentObject: {fileID: 495400, guid: dc06161b6d97feb419f45f03b62e14b9, type: 2}
  m_PrefabInternal: {fileID: 0}
  m_GameObject: {fileID: 268380961}
  m_LocalRotation: {x: 0, y: 0, z: 0, w: 1}
  m_LocalPosition: {x: 0, y: 0, z: 0}
  m_LocalScale: {x: 1.0099999, y: 1.01, z: 1.0099999}
  m_Children: []
  m_Father: {fileID: 784107102}
  m_RootOrder: 2
  m_LocalEulerAnglesHint: {x: 0, y: 0, z: 0}
--- !u!114 &268380963
MonoBehaviour:
  m_ObjectHideFlags: 0
  m_PrefabParentObject: {fileID: 11405908, guid: dc06161b6d97feb419f45f03b62e14b9,
    type: 2}
  m_PrefabInternal: {fileID: 0}
  m_GameObject: {fileID: 268380961}
  m_Enabled: 1
  m_EditorHideFlags: 0
  m_Script: {fileID: 11500000, guid: 8ca2cc563cc33f542a5d9f8f661184ba, type: 3}
  m_Name: 
  m_EditorClassIdentifier: 
  highLightMaterial: {fileID: 2100000, guid: 7b939e5e799d98a469f594828ebab52e, type: 2}
  fireHapticsOnHightlight: 1
--- !u!1 &367551984
GameObject:
  m_ObjectHideFlags: 0
  m_PrefabParentObject: {fileID: 0}
  m_PrefabInternal: {fileID: 0}
  serializedVersion: 5
  m_Component:
  - component: {fileID: 367551985}
  - component: {fileID: 367551987}
  - component: {fileID: 367551986}
  m_Layer: 0
  m_Name: Laser
  m_TagString: Untagged
  m_Icon: {fileID: 0}
  m_NavMeshLayer: 0
  m_StaticEditorFlags: 0
  m_IsActive: 1
--- !u!4 &367551985
Transform:
  m_ObjectHideFlags: 0
  m_PrefabParentObject: {fileID: 0}
  m_PrefabInternal: {fileID: 0}
  m_GameObject: {fileID: 367551984}
  m_LocalRotation: {x: 0.2164396, y: -0, z: -0, w: 0.97629607}
  m_LocalPosition: {x: -0, y: -0.062, z: 0.043}
  m_LocalScale: {x: 1, y: 1, z: 1}
  m_Children: []
  m_Father: {fileID: 705915500}
  m_RootOrder: 4
  m_LocalEulerAnglesHint: {x: 25, y: 0, z: 0}
--- !u!120 &367551986
LineRenderer:
  m_ObjectHideFlags: 0
  m_PrefabParentObject: {fileID: 0}
  m_PrefabInternal: {fileID: 0}
  m_GameObject: {fileID: 367551984}
  m_Enabled: 1
  m_CastShadows: 0
  m_ReceiveShadows: 0
  m_DynamicOccludee: 1
  m_MotionVectors: 0
  m_LightProbeUsage: 0
  m_ReflectionProbeUsage: 0
  m_Materials:
  - {fileID: 2100000, guid: 842d2102ad80a9d45a74a64f71332065, type: 2}
  m_StaticBatchInfo:
    firstSubMesh: 0
    subMeshCount: 0
  m_StaticBatchRoot: {fileID: 0}
  m_ProbeAnchor: {fileID: 0}
  m_LightProbeVolumeOverride: {fileID: 0}
  m_ScaleInLightmap: 1
  m_PreserveUVs: 0
  m_IgnoreNormalsForChartDetection: 0
  m_ImportantGI: 0
  m_StitchLightmapSeams: 0
  m_SelectedEditorRenderState: 3
  m_MinimumChartSize: 4
  m_AutoUVMaxDistance: 0.5
  m_AutoUVMaxAngle: 89
  m_LightmapParameters: {fileID: 0}
  m_SortingLayerID: 0
  m_SortingLayer: 0
  m_SortingOrder: 0
  m_Positions:
  - {x: 0, y: 0, z: 0}
  - {x: 0, y: 0, z: 1}
  m_Parameters:
    serializedVersion: 2
    widthMultiplier: 0.006
    widthCurve:
      serializedVersion: 2
      m_Curve:
      - serializedVersion: 2
        time: 0
        value: 1
        inSlope: 0
        outSlope: 0
        tangentMode: 0
      m_PreInfinity: 2
      m_PostInfinity: 2
      m_RotationOrder: 4
    colorGradient:
      serializedVersion: 2
      key0: {r: 1, g: 1, b: 1, a: 1}
      key1: {r: 1, g: 1, b: 1, a: 1}
      key2: {r: 0, g: 0, b: 0, a: 0}
      key3: {r: 0, g: 0, b: 0, a: 0}
      key4: {r: 0, g: 0, b: 0, a: 0}
      key5: {r: 0, g: 0, b: 0, a: 0}
      key6: {r: 0, g: 0, b: 0, a: 0}
      key7: {r: 0, g: 0, b: 0, a: 0}
      ctime0: 0
      ctime1: 65535
      ctime2: 0
      ctime3: 0
      ctime4: 0
      ctime5: 0
      ctime6: 0
      ctime7: 0
      atime0: 0
      atime1: 65535
      atime2: 0
      atime3: 0
      atime4: 0
      atime5: 0
      atime6: 0
      atime7: 0
      m_Mode: 0
      m_NumColorKeys: 2
      m_NumAlphaKeys: 2
    numCornerVertices: 0
    numCapVertices: 0
    alignment: 0
    textureMode: 0
    generateLightingData: 0
  m_UseWorldSpace: 1
  m_Loop: 0
--- !u!114 &367551987
MonoBehaviour:
  m_ObjectHideFlags: 0
  m_PrefabParentObject: {fileID: 0}
  m_PrefabInternal: {fileID: 0}
  m_GameObject: {fileID: 367551984}
  m_Enabled: 1
  m_EditorHideFlags: 0
  m_Script: {fileID: 11500000, guid: af2a6fc9f6465a64998a8be09323908c, type: 3}
  m_Name: 
  m_EditorClassIdentifier: 
  active: 1
  laserMaxDist: 200
  colOnHit: {r: 0, g: 1, b: 0, a: 1}
  colOnNotHit: {r: 1, g: 0, b: 0, a: 1}
  laserHitMask:
    serializedVersion: 2
    m_Bits: 4294967295
  mat: {fileID: 0}
  laserHitObj: {fileID: 0}
--- !u!1 &428671455
GameObject:
  m_ObjectHideFlags: 0
  m_PrefabParentObject: {fileID: 125964, guid: dc06161b6d97feb419f45f03b62e14b9, type: 2}
  m_PrefabInternal: {fileID: 0}
  serializedVersion: 5
  m_Component:
  - component: {fileID: 428671456}
  - component: {fileID: 428671460}
  - component: {fileID: 428671459}
  - component: {fileID: 428671458}
  - component: {fileID: 428671457}
  m_Layer: 0
  m_Name: VRCamera
  m_TagString: MainCamera
  m_Icon: {fileID: 0}
  m_NavMeshLayer: 0
  m_StaticEditorFlags: 0
  m_IsActive: 1
--- !u!4 &428671456
Transform:
  m_ObjectHideFlags: 0
  m_PrefabParentObject: {fileID: 429506, guid: dc06161b6d97feb419f45f03b62e14b9, type: 2}
  m_PrefabInternal: {fileID: 0}
  m_GameObject: {fileID: 428671455}
  m_LocalRotation: {x: 0, y: 0, z: 0, w: 1}
  m_LocalPosition: {x: 0, y: 0, z: 0}
  m_LocalScale: {x: 1, y: 1, z: 1}
  m_Children: []
  m_Father: {fileID: 1804810996}
  m_RootOrder: 3
  m_LocalEulerAnglesHint: {x: 0, y: 0, z: 0}
--- !u!124 &428671457
Behaviour:
  m_ObjectHideFlags: 0
  m_PrefabParentObject: {fileID: 12440092, guid: dc06161b6d97feb419f45f03b62e14b9,
    type: 2}
  m_PrefabInternal: {fileID: 0}
  m_GameObject: {fileID: 428671455}
  m_Enabled: 1
--- !u!92 &428671458
Behaviour:
  m_ObjectHideFlags: 0
  m_PrefabParentObject: {fileID: 9215702, guid: dc06161b6d97feb419f45f03b62e14b9,
    type: 2}
  m_PrefabInternal: {fileID: 0}
  m_GameObject: {fileID: 428671455}
  m_Enabled: 1
--- !u!114 &428671459
MonoBehaviour:
  m_ObjectHideFlags: 0
  m_PrefabParentObject: {fileID: 11450526, guid: dc06161b6d97feb419f45f03b62e14b9,
    type: 2}
  m_PrefabInternal: {fileID: 0}
  m_GameObject: {fileID: 428671455}
  m_Enabled: 1
  m_EditorHideFlags: 0
  m_Script: {fileID: 11500000, guid: 2ad1e469d4e3e04489f9a36419f1a4f8, type: 3}
  m_Name: 
  m_EditorClassIdentifier: 
--- !u!20 &428671460
Camera:
  m_ObjectHideFlags: 0
  m_PrefabParentObject: {fileID: 2014920, guid: dc06161b6d97feb419f45f03b62e14b9,
    type: 2}
  m_PrefabInternal: {fileID: 0}
  m_GameObject: {fileID: 428671455}
  m_Enabled: 1
  serializedVersion: 2
  m_ClearFlags: 1
  m_BackGroundColor: {r: 0.028762981, g: 0.05902014, b: 0.1397059, a: 1}
  m_NormalizedViewPortRect:
    serializedVersion: 2
    x: 0
    y: 0
    width: 1
    height: 1
  near clip plane: 0.05
  far clip plane: 300
  field of view: 60
  orthographic: 0
  orthographic size: 5
  m_Depth: -1
  m_CullingMask:
    serializedVersion: 2
    m_Bits: 4160749567
  m_RenderingPath: -1
  m_TargetTexture: {fileID: 0}
  m_TargetDisplay: 0
  m_TargetEye: 3
  m_HDR: 0
  m_AllowMSAA: 1
  m_AllowDynamicResolution: 0
  m_ForceIntoRT: 0
  m_OcclusionCulling: 1
  m_StereoConvergence: 10
  m_StereoSeparation: 0.022
--- !u!1 &508967554
GameObject:
  m_ObjectHideFlags: 0
  m_PrefabParentObject: {fileID: 0}
  m_PrefabInternal: {fileID: 0}
  serializedVersion: 5
  m_Component:
  - component: {fileID: 508967556}
  - component: {fileID: 508967555}
  m_Layer: 0
  m_Name: Directional Light
  m_TagString: Untagged
  m_Icon: {fileID: 0}
  m_NavMeshLayer: 0
  m_StaticEditorFlags: 0
  m_IsActive: 1
--- !u!108 &508967555
Light:
  m_ObjectHideFlags: 0
  m_PrefabParentObject: {fileID: 0}
  m_PrefabInternal: {fileID: 0}
  m_GameObject: {fileID: 508967554}
  m_Enabled: 1
  serializedVersion: 8
  m_Type: 1
  m_Color: {r: 1, g: 0.95686275, b: 0.8392157, a: 1}
  m_Intensity: 1
  m_Range: 10
  m_SpotAngle: 30
  m_CookieSize: 10
  m_Shadows:
    m_Type: 2
    m_Resolution: -1
    m_CustomResolution: -1
    m_Strength: 1
    m_Bias: 0.05
    m_NormalBias: 0.4
    m_NearPlane: 0.2
  m_Cookie: {fileID: 0}
  m_DrawHalo: 0
  m_Flare: {fileID: 0}
  m_RenderMode: 0
  m_CullingMask:
    serializedVersion: 2
    m_Bits: 4294967295
  m_Lightmapping: 4
  m_AreaSize: {x: 1, y: 1}
  m_BounceIntensity: 1
  m_ColorTemperature: 6570
  m_UseColorTemperature: 0
  m_ShadowRadius: 0
  m_ShadowAngle: 0
--- !u!4 &508967556
Transform:
  m_ObjectHideFlags: 0
  m_PrefabParentObject: {fileID: 0}
  m_PrefabInternal: {fileID: 0}
  m_GameObject: {fileID: 508967554}
  m_LocalRotation: {x: 0.40821788, y: -0.23456968, z: 0.10938163, w: 0.8754261}
  m_LocalPosition: {x: 0, y: 3, z: 0}
  m_LocalScale: {x: 1, y: 1, z: 1}
  m_Children: []
  m_Father: {fileID: 0}
  m_RootOrder: 0
  m_LocalEulerAnglesHint: {x: 50, y: -30, z: 0}
--- !u!1 &551195871
GameObject:
  m_ObjectHideFlags: 0
  m_PrefabParentObject: {fileID: 121078, guid: dc06161b6d97feb419f45f03b62e14b9, type: 2}
  m_PrefabInternal: {fileID: 0}
  serializedVersion: 5
  m_Component:
  - component: {fileID: 551195872}
  - component: {fileID: 551195874}
  - component: {fileID: 551195873}
  m_Layer: 26
  m_Name: HeadCollider
  m_TagString: Untagged
  m_Icon: {fileID: 0}
  m_NavMeshLayer: 0
  m_StaticEditorFlags: 0
  m_IsActive: 1
--- !u!4 &551195872
Transform:
  m_ObjectHideFlags: 0
  m_PrefabParentObject: {fileID: 453574, guid: dc06161b6d97feb419f45f03b62e14b9, type: 2}
  m_PrefabInternal: {fileID: 0}
  m_GameObject: {fileID: 551195871}
  m_LocalRotation: {x: 0, y: 0, z: 0, w: 1}
  m_LocalPosition: {x: 0, y: 0, z: 0}
  m_LocalScale: {x: 1, y: 1, z: 1}
  m_Children: []
  m_Father: {fileID: 1943182762}
  m_RootOrder: 0
  m_LocalEulerAnglesHint: {x: 0, y: 0, z: 0}
--- !u!54 &551195873
Rigidbody:
  m_ObjectHideFlags: 0
  m_PrefabParentObject: {fileID: 5452286, guid: dc06161b6d97feb419f45f03b62e14b9,
    type: 2}
  m_PrefabInternal: {fileID: 0}
  m_GameObject: {fileID: 551195871}
  serializedVersion: 2
  m_Mass: 1
  m_Drag: 0
  m_AngularDrag: 0
  m_UseGravity: 0
  m_IsKinematic: 1
  m_Interpolate: 0
  m_Constraints: 0
  m_CollisionDetection: 0
--- !u!135 &551195874
SphereCollider:
  m_ObjectHideFlags: 0
  m_PrefabParentObject: {fileID: 13533284, guid: dc06161b6d97feb419f45f03b62e14b9,
    type: 2}
  m_PrefabInternal: {fileID: 0}
  m_GameObject: {fileID: 551195871}
  m_Material: {fileID: 0}
  m_IsTrigger: 0
  m_Enabled: 1
  serializedVersion: 2
  m_Radius: 0.12
  m_Center: {x: 0, y: 0, z: 0}
--- !u!1 &598609595
GameObject:
  m_ObjectHideFlags: 0
  m_PrefabParentObject: {fileID: 1000011498581176, guid: dc06161b6d97feb419f45f03b62e14b9,
    type: 2}
  m_PrefabInternal: {fileID: 0}
  serializedVersion: 5
  m_Component:
  - component: {fileID: 598609596}
  - component: {fileID: 598609597}
  m_Layer: 0
  m_Name: DebugUI
  m_TagString: Untagged
  m_Icon: {fileID: 0}
  m_NavMeshLayer: 0
  m_StaticEditorFlags: 0
  m_IsActive: 1
--- !u!4 &598609596
Transform:
  m_ObjectHideFlags: 0
  m_PrefabParentObject: {fileID: 4000012025983752, guid: dc06161b6d97feb419f45f03b62e14b9,
    type: 2}
  m_PrefabInternal: {fileID: 0}
  m_GameObject: {fileID: 598609595}
  m_LocalRotation: {x: 0, y: 0, z: 0, w: 1}
  m_LocalPosition: {x: 0, y: 0, z: 0}
  m_LocalScale: {x: 1, y: 1, z: 1}
  m_Children: []
  m_Father: {fileID: 2058634911}
  m_RootOrder: 5
  m_LocalEulerAnglesHint: {x: 0, y: 0, z: 0}
--- !u!114 &598609597
MonoBehaviour:
  m_ObjectHideFlags: 0
  m_PrefabParentObject: {fileID: 114000013709408034, guid: dc06161b6d97feb419f45f03b62e14b9,
    type: 2}
  m_PrefabInternal: {fileID: 0}
  m_GameObject: {fileID: 598609595}
  m_Enabled: 1
  m_EditorHideFlags: 0
  m_Script: {fileID: 11500000, guid: 6f3bba2c36dd79242b3157dbcd876bf2, type: 3}
  m_Name: 
  m_EditorClassIdentifier: 
--- !u!4 &705915500
Transform:
  m_ObjectHideFlags: 0
  m_PrefabParentObject: {fileID: 476540, guid: dc06161b6d97feb419f45f03b62e14b9, type: 2}
  m_PrefabInternal: {fileID: 0}
  m_GameObject: {fileID: 1331196136}
  m_LocalRotation: {x: 0, y: 0, z: 0, w: 1}
  m_LocalPosition: {x: -0.25, y: 1, z: 0}
  m_LocalScale: {x: 1, y: 1, z: 1}
  m_Children:
  - {fileID: 941375996}
  - {fileID: 767746938}
  - {fileID: 1024017425}
  - {fileID: 132818624}
  - {fileID: 367551985}
  m_Father: {fileID: 1804810996}
  m_RootOrder: 1
  m_LocalEulerAnglesHint: {x: 0, y: 0, z: 0}
--- !u!1 &710651157
GameObject:
  m_ObjectHideFlags: 0
  m_PrefabParentObject: {fileID: 165334, guid: dc06161b6d97feb419f45f03b62e14b9, type: 2}
  m_PrefabInternal: {fileID: 0}
  serializedVersion: 5
  m_Component:
  - component: {fileID: 710651158}
  m_Layer: 26
  m_Name: HoverPoint
  m_TagString: Untagged
  m_Icon: {fileID: 0}
  m_NavMeshLayer: 0
  m_StaticEditorFlags: 0
  m_IsActive: 1
--- !u!4 &710651158
Transform:
  m_ObjectHideFlags: 0
  m_PrefabParentObject: {fileID: 480432, guid: dc06161b6d97feb419f45f03b62e14b9, type: 2}
  m_PrefabInternal: {fileID: 0}
  m_GameObject: {fileID: 710651157}
  m_LocalRotation: {x: -0, y: -0, z: -0, w: 1}
  m_LocalPosition: {x: -0.051999986, y: -0.015699983, z: -0.11630082}
  m_LocalScale: {x: 1, y: 1, z: 1}
  m_Children: []
  m_Father: {fileID: 784107102}
  m_RootOrder: 0
  m_LocalEulerAnglesHint: {x: 0, y: 0, z: 0}
--- !u!1 &756762689
GameObject:
  m_ObjectHideFlags: 0
  m_PrefabParentObject: {fileID: 168724, guid: dc06161b6d97feb419f45f03b62e14b9, type: 2}
  m_PrefabInternal: {fileID: 0}
  serializedVersion: 5
  m_Component:
  - component: {fileID: 756762690}
  - component: {fileID: 756762692}
  - component: {fileID: 756762691}
  m_Layer: 0
  m_Name: '[SteamVR]'
  m_TagString: Untagged
  m_Icon: {fileID: 0}
  m_NavMeshLayer: 0
  m_StaticEditorFlags: 0
  m_IsActive: 1
--- !u!4 &756762690
Transform:
  m_ObjectHideFlags: 0
  m_PrefabParentObject: {fileID: 472612, guid: dc06161b6d97feb419f45f03b62e14b9, type: 2}
  m_PrefabInternal: {fileID: 0}
  m_GameObject: {fileID: 756762689}
  m_LocalRotation: {x: -0, y: -0, z: -0, w: 1}
  m_LocalPosition: {x: 0, y: 0, z: 0}
  m_LocalScale: {x: 1, y: 1, z: 1}
  m_Children: []
  m_Father: {fileID: 1804810996}
  m_RootOrder: 5
  m_LocalEulerAnglesHint: {x: 0, y: 0, z: 0}
--- !u!114 &756762691
MonoBehaviour:
  m_ObjectHideFlags: 0
  m_PrefabParentObject: {fileID: 114000010474703086, guid: dc06161b6d97feb419f45f03b62e14b9,
    type: 2}
  m_PrefabInternal: {fileID: 0}
  m_GameObject: {fileID: 756762689}
  m_Enabled: 1
  m_EditorHideFlags: 0
  m_Script: {fileID: 11500000, guid: 27991c206a5e66147bb8ee3ef31c8bac, type: 3}
  m_Name: 
  m_EditorClassIdentifier: 
  actionSet: {fileID: 0}
  disableAllOtherActionSets: 0
  activateOnStart: 1
  deactivateOnDestroy: 1
--- !u!114 &756762692
MonoBehaviour:
  m_ObjectHideFlags: 0
  m_PrefabParentObject: {fileID: 11479638, guid: dc06161b6d97feb419f45f03b62e14b9,
    type: 2}
  m_PrefabInternal: {fileID: 0}
  m_GameObject: {fileID: 756762689}
  m_Enabled: 1
  m_EditorHideFlags: 0
  m_Script: {fileID: 11500000, guid: e979227f3384fac4b8ca0b3550bf005c, type: 3}
  m_Name: 
  m_EditorClassIdentifier: 
  externalCamera: {fileID: 0}
  externalCameraConfigPath: externalcamera.cfg
--- !u!1001 &763904959
Prefab:
  m_ObjectHideFlags: 0
  serializedVersion: 2
  m_Modification:
    m_TransformParent: {fileID: 0}
    m_Modifications:
    - target: {fileID: 4215889908641986, guid: 1f1e433b8516a4743a5b35d46897f9e5, type: 2}
      propertyPath: m_LocalPosition.x
      value: 0
      objectReference: {fileID: 0}
    - target: {fileID: 4215889908641986, guid: 1f1e433b8516a4743a5b35d46897f9e5, type: 2}
      propertyPath: m_LocalPosition.y
      value: 0
      objectReference: {fileID: 0}
    - target: {fileID: 4215889908641986, guid: 1f1e433b8516a4743a5b35d46897f9e5, type: 2}
      propertyPath: m_LocalPosition.z
      value: 0
      objectReference: {fileID: 0}
    - target: {fileID: 4215889908641986, guid: 1f1e433b8516a4743a5b35d46897f9e5, type: 2}
      propertyPath: m_LocalRotation.x
      value: 0
      objectReference: {fileID: 0}
    - target: {fileID: 4215889908641986, guid: 1f1e433b8516a4743a5b35d46897f9e5, type: 2}
      propertyPath: m_LocalRotation.y
      value: 0
      objectReference: {fileID: 0}
    - target: {fileID: 4215889908641986, guid: 1f1e433b8516a4743a5b35d46897f9e5, type: 2}
      propertyPath: m_LocalRotation.z
      value: 0
      objectReference: {fileID: 0}
    - target: {fileID: 4215889908641986, guid: 1f1e433b8516a4743a5b35d46897f9e5, type: 2}
      propertyPath: m_LocalRotation.w
      value: 1
      objectReference: {fileID: 0}
    - target: {fileID: 4215889908641986, guid: 1f1e433b8516a4743a5b35d46897f9e5, type: 2}
      propertyPath: m_RootOrder
      value: 3
      objectReference: {fileID: 0}
    - target: {fileID: 114800632318270084, guid: 1f1e433b8516a4743a5b35d46897f9e5,
        type: 2}
      propertyPath: activatLaserOnStart
      value: 1
      objectReference: {fileID: 0}
    m_RemovedComponents: []
  m_ParentPrefab: {fileID: 100100000, guid: 1f1e433b8516a4743a5b35d46897f9e5, type: 2}
  m_IsPrefabParent: 0
--- !u!1 &767746937
GameObject:
  m_ObjectHideFlags: 0
  m_PrefabParentObject: {fileID: 1000014277073068, guid: dc06161b6d97feb419f45f03b62e14b9,
    type: 2}
  m_PrefabInternal: {fileID: 0}
  serializedVersion: 5
  m_Component:
  - component: {fileID: 767746938}
  m_Layer: 26
  m_Name: ObjectAttachmentPoint
  m_TagString: Untagged
  m_Icon: {fileID: 0}
  m_NavMeshLayer: 0
  m_StaticEditorFlags: 0
  m_IsActive: 1
--- !u!4 &767746938
Transform:
  m_ObjectHideFlags: 0
  m_PrefabParentObject: {fileID: 4000011474053580, guid: dc06161b6d97feb419f45f03b62e14b9,
    type: 2}
  m_PrefabInternal: {fileID: 0}
  m_GameObject: {fileID: 767746937}
  m_LocalRotation: {x: 0.32650566, y: -0.21263102, z: 0.6272114, w: 0.67437977}
  m_LocalPosition: {x: 0.051999986, y: -0.0157, z: -0.11630082}
  m_LocalScale: {x: 1, y: 1, z: 1}
  m_Children: []
  m_Father: {fileID: 705915500}
  m_RootOrder: 1
  m_LocalEulerAnglesHint: {x: 135, y: -170, z: -90}
--- !u!4 &784107102
Transform:
  m_ObjectHideFlags: 0
  m_PrefabParentObject: {fileID: 485514, guid: dc06161b6d97feb419f45f03b62e14b9, type: 2}
  m_PrefabInternal: {fileID: 0}
  m_GameObject: {fileID: 1527934233}
  m_LocalRotation: {x: 0, y: 0, z: 0, w: 1}
  m_LocalPosition: {x: 0.25, y: 1, z: 0}
  m_LocalScale: {x: 1, y: 1, z: 1}
  m_Children:
  - {fileID: 710651158}
  - {fileID: 1529470039}
  - {fileID: 268380962}
  - {fileID: 2018589995}
  - {fileID: 1161459866}
  m_Father: {fileID: 1804810996}
  m_RootOrder: 2
  m_LocalEulerAnglesHint: {x: 0, y: 0, z: 0}
--- !u!1 &804996744
GameObject:
  m_ObjectHideFlags: 0
  m_PrefabParentObject: {fileID: 135526, guid: dc06161b6d97feb419f45f03b62e14b9, type: 2}
  m_PrefabInternal: {fileID: 0}
  serializedVersion: 5
  m_Component:
  - component: {fileID: 804996745}
  - component: {fileID: 804996747}
  - component: {fileID: 804996746}
  m_Layer: 26
  m_Name: FallbackHand
  m_TagString: Untagged
  m_Icon: {fileID: 0}
  m_NavMeshLayer: 0
  m_StaticEditorFlags: 0
  m_IsActive: 1
--- !u!4 &804996745
Transform:
  m_ObjectHideFlags: 0
  m_PrefabParentObject: {fileID: 458882, guid: dc06161b6d97feb419f45f03b62e14b9, type: 2}
  m_PrefabInternal: {fileID: 0}
  m_GameObject: {fileID: 804996744}
  m_LocalRotation: {x: 0, y: 0, z: 0, w: 1}
  m_LocalPosition: {x: 0, y: 0, z: 0}
  m_LocalScale: {x: 1, y: 1, z: 1}
  m_Children:
  - {fileID: 147008591}
  m_Father: {fileID: 1009492695}
  m_RootOrder: 1
  m_LocalEulerAnglesHint: {x: 0, y: 0, z: 0}
--- !u!54 &804996746
Rigidbody:
  m_ObjectHideFlags: 0
  m_PrefabParentObject: {fileID: 5492098, guid: dc06161b6d97feb419f45f03b62e14b9,
    type: 2}
  m_PrefabInternal: {fileID: 0}
  m_GameObject: {fileID: 804996744}
  serializedVersion: 2
  m_Mass: 1
  m_Drag: 0
  m_AngularDrag: 0
  m_UseGravity: 0
  m_IsKinematic: 1
  m_Interpolate: 0
  m_Constraints: 0
  m_CollisionDetection: 0
--- !u!114 &804996747
MonoBehaviour:
  m_ObjectHideFlags: 0
  m_PrefabParentObject: {fileID: 11497470, guid: dc06161b6d97feb419f45f03b62e14b9,
    type: 2}
  m_PrefabInternal: {fileID: 0}
  m_GameObject: {fileID: 804996744}
  m_Enabled: 1
  m_EditorHideFlags: 0
  m_Script: {fileID: 11500000, guid: 29e3e4511966ba94d8ba0b98c6c62f82, type: 3}
  m_Name: 
  m_EditorClassIdentifier: 
  otherHand: {fileID: 0}
  handType: 0
  trackedObject: {fileID: 0}
  grabPinchAction: {fileID: 11400000, guid: 0eb6484a686dc5f46b98776c5b751645, type: 2}
  grabGripAction: {fileID: 11400000, guid: 2418507abc4a0bb4d813287d61ce7136, type: 2}
  hapticAction: {fileID: 11400000, guid: 0830c1cba115cdd478967f3f3463087f, type: 2}
  uiInteractAction: {fileID: 11400000, guid: 61a2d6314ffe44e448b253cedd24d569, type: 2}
  useHoverSphere: 1
  hoverSphereTransform: {fileID: 0}
  hoverSphereRadius: 0.05
  hoverLayerMask:
    serializedVersion: 2
    m_Bits: 4294967295
  hoverUpdateInterval: 0.1
  useControllerHoverComponent: 1
  controllerHoverComponent: tip
  controllerHoverRadius: 0.05
  useFingerJointHover: 1
  fingerJointHover: 10
  fingerJointHoverRadius: 0.05
  objectAttachmentPoint: {fileID: 0}
  noSteamVRFallbackCamera: {fileID: 1534284741}
  noSteamVRFallbackMaxDistanceNoItem: 10
  noSteamVRFallbackMaxDistanceWithItem: 0.5
  renderModelPrefab: {fileID: 0}
  showDebugText: 0
  spewDebugText: 0
  showDebugInteractables: 0
--- !u!1 &941375995
GameObject:
  m_ObjectHideFlags: 0
  m_PrefabParentObject: {fileID: 1000013428287994, guid: dc06161b6d97feb419f45f03b62e14b9,
    type: 2}
  m_PrefabInternal: {fileID: 0}
  serializedVersion: 5
  m_Component:
  - component: {fileID: 941375996}
  m_Layer: 26
  m_Name: HoverPoint
  m_TagString: Untagged
  m_Icon: {fileID: 0}
  m_NavMeshLayer: 0
  m_StaticEditorFlags: 0
  m_IsActive: 1
--- !u!4 &941375996
Transform:
  m_ObjectHideFlags: 0
  m_PrefabParentObject: {fileID: 4000012325712216, guid: dc06161b6d97feb419f45f03b62e14b9,
    type: 2}
  m_PrefabInternal: {fileID: 0}
  m_GameObject: {fileID: 941375995}
  m_LocalRotation: {x: -0, y: -0, z: -0, w: 1}
  m_LocalPosition: {x: 0.051999986, y: -0.015699983, z: -0.11630082}
  m_LocalScale: {x: 1, y: 1, z: 1}
  m_Children: []
  m_Father: {fileID: 705915500}
  m_RootOrder: 0
  m_LocalEulerAnglesHint: {x: 0, y: 0, z: 0}
--- !u!1 &949751120
GameObject:
  m_ObjectHideFlags: 0
  m_PrefabParentObject: {fileID: 0}
  m_PrefabInternal: {fileID: 0}
  serializedVersion: 5
  m_Component:
  - component: {fileID: 949751124}
  - component: {fileID: 949751123}
  - component: {fileID: 949751122}
  - component: {fileID: 949751121}
  - component: {fileID: 949751125}
  m_Layer: 0
  m_Name: Cube
  m_TagString: Untagged
  m_Icon: {fileID: 0}
  m_NavMeshLayer: 0
  m_StaticEditorFlags: 0
  m_IsActive: 1
--- !u!23 &949751121
MeshRenderer:
  m_ObjectHideFlags: 0
  m_PrefabParentObject: {fileID: 0}
  m_PrefabInternal: {fileID: 0}
  m_GameObject: {fileID: 949751120}
  m_Enabled: 1
  m_CastShadows: 1
  m_ReceiveShadows: 1
  m_DynamicOccludee: 1
  m_MotionVectors: 1
  m_LightProbeUsage: 1
  m_ReflectionProbeUsage: 1
  m_Materials:
  - {fileID: 10303, guid: 0000000000000000f000000000000000, type: 0}
  m_StaticBatchInfo:
    firstSubMesh: 0
    subMeshCount: 0
  m_StaticBatchRoot: {fileID: 0}
  m_ProbeAnchor: {fileID: 0}
  m_LightProbeVolumeOverride: {fileID: 0}
  m_ScaleInLightmap: 1
  m_PreserveUVs: 1
  m_IgnoreNormalsForChartDetection: 0
  m_ImportantGI: 0
  m_StitchLightmapSeams: 0
  m_SelectedEditorRenderState: 3
  m_MinimumChartSize: 4
  m_AutoUVMaxDistance: 0.5
  m_AutoUVMaxAngle: 89
  m_LightmapParameters: {fileID: 0}
  m_SortingLayerID: 0
  m_SortingLayer: 0
  m_SortingOrder: 0
--- !u!65 &949751122
BoxCollider:
  m_ObjectHideFlags: 0
  m_PrefabParentObject: {fileID: 0}
  m_PrefabInternal: {fileID: 0}
  m_GameObject: {fileID: 949751120}
  m_Material: {fileID: 0}
  m_IsTrigger: 0
  m_Enabled: 1
  serializedVersion: 2
  m_Size: {x: 1, y: 1, z: 1}
  m_Center: {x: 0, y: 0, z: 0}
--- !u!33 &949751123
MeshFilter:
  m_ObjectHideFlags: 0
  m_PrefabParentObject: {fileID: 0}
  m_PrefabInternal: {fileID: 0}
  m_GameObject: {fileID: 949751120}
  m_Mesh: {fileID: 10202, guid: 0000000000000000e000000000000000, type: 0}
--- !u!4 &949751124
Transform:
  m_ObjectHideFlags: 0
  m_PrefabParentObject: {fileID: 0}
  m_PrefabInternal: {fileID: 0}
  m_GameObject: {fileID: 949751120}
  m_LocalRotation: {x: 0, y: 0, z: 0, w: 1}
  m_LocalPosition: {x: 0.035, y: 0.235, z: 4}
  m_LocalScale: {x: 0.35606456, y: 0.35606456, z: 0.35606456}
  m_Children: []
  m_Father: {fileID: 0}
  m_RootOrder: 4
  m_LocalEulerAnglesHint: {x: 0, y: 0, z: 0}
--- !u!114 &949751125
MonoBehaviour:
  m_ObjectHideFlags: 0
  m_PrefabParentObject: {fileID: 0}
  m_PrefabInternal: {fileID: 0}
  m_GameObject: {fileID: 949751120}
  m_Enabled: 1
  m_EditorHideFlags: 0
  m_Script: {fileID: 11500000, guid: eb04474a26afd2e4d9ec70ede8742707, type: 3}
  m_Name: 
  m_EditorClassIdentifier: 
  laserObj: {fileID: 0}
  handObj: {fileID: 0}
--- !u!1 &1009492694
GameObject:
  m_ObjectHideFlags: 0
  m_PrefabParentObject: {fileID: 105336, guid: dc06161b6d97feb419f45f03b62e14b9, type: 2}
  m_PrefabInternal: {fileID: 0}
  serializedVersion: 5
  m_Component:
  - component: {fileID: 1009492695}
  m_Layer: 0
  m_Name: NoSteamVRFallbackObjects
  m_TagString: Untagged
  m_Icon: {fileID: 0}
  m_NavMeshLayer: 0
  m_StaticEditorFlags: 0
  m_IsActive: 0
--- !u!4 &1009492695
Transform:
  m_ObjectHideFlags: 0
  m_PrefabParentObject: {fileID: 402768, guid: dc06161b6d97feb419f45f03b62e14b9, type: 2}
  m_PrefabInternal: {fileID: 0}
  m_GameObject: {fileID: 1009492694}
  m_LocalRotation: {x: 0, y: 0, z: 0, w: 1}
  m_LocalPosition: {x: 0, y: 0, z: 0}
  m_LocalScale: {x: 1, y: 1, z: 1}
  m_Children:
  - {fileID: 1534284743}
  - {fileID: 804996745}
  m_Father: {fileID: 2058634911}
  m_RootOrder: 1
  m_LocalEulerAnglesHint: {x: 0, y: 0, z: 0}
--- !u!1 &1024017424
GameObject:
  m_ObjectHideFlags: 0
  m_PrefabParentObject: {fileID: 167242, guid: dc06161b6d97feb419f45f03b62e14b9, type: 2}
  m_PrefabInternal: {fileID: 0}
  serializedVersion: 5
  m_Component:
  - component: {fileID: 1024017425}
  - component: {fileID: 1024017426}
  m_Layer: 0
  m_Name: ControllerHoverHighlight
  m_TagString: Untagged
  m_Icon: {fileID: 0}
  m_NavMeshLayer: 0
  m_StaticEditorFlags: 0
  m_IsActive: 0
--- !u!4 &1024017425
Transform:
  m_ObjectHideFlags: 0
  m_PrefabParentObject: {fileID: 451882, guid: dc06161b6d97feb419f45f03b62e14b9, type: 2}
  m_PrefabInternal: {fileID: 0}
  m_GameObject: {fileID: 1024017424}
  m_LocalRotation: {x: 0, y: 0, z: 0, w: 1}
  m_LocalPosition: {x: 0, y: 0, z: 0}
  m_LocalScale: {x: 1.0100001, y: 1.01, z: 1.0100001}
  m_Children: []
  m_Father: {fileID: 705915500}
  m_RootOrder: 2
  m_LocalEulerAnglesHint: {x: 0, y: 0, z: 0}
--- !u!114 &1024017426
MonoBehaviour:
  m_ObjectHideFlags: 0
  m_PrefabParentObject: {fileID: 11461284, guid: dc06161b6d97feb419f45f03b62e14b9,
    type: 2}
  m_PrefabInternal: {fileID: 0}
  m_GameObject: {fileID: 1024017424}
  m_Enabled: 1
  m_EditorHideFlags: 0
  m_Script: {fileID: 11500000, guid: 8ca2cc563cc33f542a5d9f8f661184ba, type: 3}
  m_Name: 
  m_EditorClassIdentifier: 
  highLightMaterial: {fileID: 2100000, guid: 7b939e5e799d98a469f594828ebab52e, type: 2}
  fireHapticsOnHightlight: 1
--- !u!1 &1130318258
GameObject:
  m_ObjectHideFlags: 0
  m_PrefabParentObject: {fileID: 0}
  m_PrefabInternal: {fileID: 0}
  serializedVersion: 5
  m_Component:
  - component: {fileID: 1130318262}
  - component: {fileID: 1130318261}
  - component: {fileID: 1130318260}
  - component: {fileID: 1130318259}
  m_Layer: 0
  m_Name: Floor
  m_TagString: Untagged
  m_Icon: {fileID: 0}
  m_NavMeshLayer: 0
  m_StaticEditorFlags: 0
  m_IsActive: 1
--- !u!65 &1130318259
BoxCollider:
  m_ObjectHideFlags: 0
  m_PrefabParentObject: {fileID: 0}
  m_PrefabInternal: {fileID: 0}
  m_GameObject: {fileID: 1130318258}
  m_Material: {fileID: 0}
  m_IsTrigger: 0
  m_Enabled: 1
  serializedVersion: 2
  m_Size: {x: 10, y: 0.1, z: 10.000001}
  m_Center: {x: 0, y: -0.05, z: 0}
--- !u!23 &1130318260
MeshRenderer:
  m_ObjectHideFlags: 0
  m_PrefabParentObject: {fileID: 0}
  m_PrefabInternal: {fileID: 0}
  m_GameObject: {fileID: 1130318258}
  m_Enabled: 1
  m_CastShadows: 1
  m_ReceiveShadows: 1
  m_DynamicOccludee: 1
  m_MotionVectors: 1
  m_LightProbeUsage: 1
  m_ReflectionProbeUsage: 1
  m_Materials:
  - {fileID: 2100000, guid: b41d1116a101a84499296ce28d16e6b9, type: 2}
  m_StaticBatchInfo:
    firstSubMesh: 0
    subMeshCount: 0
  m_StaticBatchRoot: {fileID: 0}
  m_ProbeAnchor: {fileID: 0}
  m_LightProbeVolumeOverride: {fileID: 0}
  m_ScaleInLightmap: 1
  m_PreserveUVs: 1
  m_IgnoreNormalsForChartDetection: 0
  m_ImportantGI: 0
  m_StitchLightmapSeams: 0
  m_SelectedEditorRenderState: 3
  m_MinimumChartSize: 4
  m_AutoUVMaxDistance: 0.5
  m_AutoUVMaxAngle: 89
  m_LightmapParameters: {fileID: 0}
  m_SortingLayerID: 0
  m_SortingLayer: 0
  m_SortingOrder: 0
--- !u!33 &1130318261
MeshFilter:
  m_ObjectHideFlags: 0
  m_PrefabParentObject: {fileID: 0}
  m_PrefabInternal: {fileID: 0}
  m_GameObject: {fileID: 1130318258}
  m_Mesh: {fileID: 10209, guid: 0000000000000000e000000000000000, type: 0}
--- !u!4 &1130318262
Transform:
  m_ObjectHideFlags: 0
  m_PrefabParentObject: {fileID: 0}
  m_PrefabInternal: {fileID: 0}
  m_GameObject: {fileID: 1130318258}
  m_LocalRotation: {x: -0, y: -0, z: -0, w: 1}
  m_LocalPosition: {x: 0, y: 0, z: 0}
  m_LocalScale: {x: 4, y: 3, z: 4}
  m_Children: []
  m_Father: {fileID: 0}
  m_RootOrder: 1
  m_LocalEulerAnglesHint: {x: 0, y: 0, z: 0}
--- !u!1 &1161459865
GameObject:
  m_ObjectHideFlags: 0
  m_PrefabParentObject: {fileID: 0}
  m_PrefabInternal: {fileID: 0}
  serializedVersion: 5
  m_Component:
  - component: {fileID: 1161459866}
  - component: {fileID: 1161459868}
  - component: {fileID: 1161459867}
  m_Layer: 0
  m_Name: Laser
  m_TagString: Untagged
  m_Icon: {fileID: 0}
  m_NavMeshLayer: 0
  m_StaticEditorFlags: 0
  m_IsActive: 1
--- !u!4 &1161459866
Transform:
  m_ObjectHideFlags: 0
  m_PrefabParentObject: {fileID: 0}
  m_PrefabInternal: {fileID: 0}
  m_GameObject: {fileID: 1161459865}
  m_LocalRotation: {x: 0.2164396, y: 0, z: 0, w: 0.97629607}
  m_LocalPosition: {x: -0.0032, y: -0.0622, z: 0.0431}
  m_LocalScale: {x: 1, y: 1, z: 1}
  m_Children: []
  m_Father: {fileID: 784107102}
  m_RootOrder: 4
  m_LocalEulerAnglesHint: {x: 25, y: 0, z: 0}
--- !u!120 &1161459867
LineRenderer:
  m_ObjectHideFlags: 0
  m_PrefabParentObject: {fileID: 0}
  m_PrefabInternal: {fileID: 0}
  m_GameObject: {fileID: 1161459865}
  m_Enabled: 1
  m_CastShadows: 0
  m_ReceiveShadows: 0
  m_DynamicOccludee: 1
  m_MotionVectors: 0
  m_LightProbeUsage: 0
  m_ReflectionProbeUsage: 0
  m_Materials:
  - {fileID: 2100000, guid: 842d2102ad80a9d45a74a64f71332065, type: 2}
  m_StaticBatchInfo:
    firstSubMesh: 0
    subMeshCount: 0
  m_StaticBatchRoot: {fileID: 0}
  m_ProbeAnchor: {fileID: 0}
  m_LightProbeVolumeOverride: {fileID: 0}
  m_ScaleInLightmap: 1
  m_PreserveUVs: 0
  m_IgnoreNormalsForChartDetection: 0
  m_ImportantGI: 0
  m_StitchLightmapSeams: 0
  m_SelectedEditorRenderState: 3
  m_MinimumChartSize: 4
  m_AutoUVMaxDistance: 0.5
  m_AutoUVMaxAngle: 89
  m_LightmapParameters: {fileID: 0}
  m_SortingLayerID: 0
  m_SortingLayer: 0
  m_SortingOrder: 0
  m_Positions:
  - {x: 0, y: 0, z: 0}
  - {x: 0, y: 0, z: 1}
  m_Parameters:
    serializedVersion: 2
    widthMultiplier: 0.006
    widthCurve:
      serializedVersion: 2
      m_Curve:
      - serializedVersion: 2
        time: 0
        value: 1
        inSlope: 0
        outSlope: 0
        tangentMode: 0
      m_PreInfinity: 2
      m_PostInfinity: 2
      m_RotationOrder: 4
    colorGradient:
      serializedVersion: 2
      key0: {r: 1, g: 1, b: 1, a: 1}
      key1: {r: 1, g: 1, b: 1, a: 1}
      key2: {r: 0, g: 0, b: 0, a: 0}
      key3: {r: 0, g: 0, b: 0, a: 0}
      key4: {r: 0, g: 0, b: 0, a: 0}
      key5: {r: 0, g: 0, b: 0, a: 0}
      key6: {r: 0, g: 0, b: 0, a: 0}
      key7: {r: 0, g: 0, b: 0, a: 0}
      ctime0: 0
      ctime1: 65535
      ctime2: 0
      ctime3: 0
      ctime4: 0
      ctime5: 0
      ctime6: 0
      ctime7: 0
      atime0: 0
      atime1: 65535
      atime2: 0
      atime3: 0
      atime4: 0
      atime5: 0
      atime6: 0
      atime7: 0
      m_Mode: 0
      m_NumColorKeys: 2
      m_NumAlphaKeys: 2
    numCornerVertices: 0
    numCapVertices: 0
    alignment: 0
    textureMode: 0
    generateLightingData: 0
  m_UseWorldSpace: 1
  m_Loop: 0
--- !u!114 &1161459868
MonoBehaviour:
  m_ObjectHideFlags: 0
  m_PrefabParentObject: {fileID: 0}
  m_PrefabInternal: {fileID: 0}
  m_GameObject: {fileID: 1161459865}
  m_Enabled: 1
  m_EditorHideFlags: 0
  m_Script: {fileID: 11500000, guid: af2a6fc9f6465a64998a8be09323908c, type: 3}
  m_Name: 
  m_EditorClassIdentifier: 
  active: 1
  laserMaxDist: 200
  colOnHit: {r: 0, g: 1, b: 0, a: 1}
  colOnNotHit: {r: 1, g: 0, b: 0, a: 1}
  laserHitMask:
    serializedVersion: 2
    m_Bits: 4294967295
  mat: {fileID: 0}
  laserHitObj: {fileID: 0}
--- !u!1 &1331196136
GameObject:
  m_ObjectHideFlags: 0
  m_PrefabParentObject: {fileID: 144230, guid: dc06161b6d97feb419f45f03b62e14b9, type: 2}
  m_PrefabInternal: {fileID: 0}
  serializedVersion: 5
  m_Component:
  - component: {fileID: 705915500}
  - component: {fileID: 1331196137}
  - component: {fileID: 1331196138}
  m_Layer: 26
  m_Name: LeftHand
  m_TagString: Untagged
  m_Icon: {fileID: 0}
  m_NavMeshLayer: 0
  m_StaticEditorFlags: 0
  m_IsActive: 1
--- !u!114 &1331196137
MonoBehaviour:
  m_ObjectHideFlags: 0
  m_PrefabParentObject: {fileID: 11450312, guid: dc06161b6d97feb419f45f03b62e14b9,
    type: 2}
  m_PrefabInternal: {fileID: 0}
  m_GameObject: {fileID: 1331196136}
  m_Enabled: 1
  m_EditorHideFlags: 0
  m_Script: {fileID: 11500000, guid: 29e3e4511966ba94d8ba0b98c6c62f82, type: 3}
  m_Name: 
  m_EditorClassIdentifier: 
  otherHand: {fileID: 1527934235}
  handType: 1
  trackedObject: {fileID: 0}
  grabPinchAction: {fileID: 11400000, guid: 0eb6484a686dc5f46b98776c5b751645, type: 2}
  grabGripAction: {fileID: 11400000, guid: 2418507abc4a0bb4d813287d61ce7136, type: 2}
  hapticAction: {fileID: 11400000, guid: 0830c1cba115cdd478967f3f3463087f, type: 2}
  uiInteractAction: {fileID: 11400000, guid: 61a2d6314ffe44e448b253cedd24d569, type: 2}
  useHoverSphere: 1
  hoverSphereTransform: {fileID: 941375996}
  hoverSphereRadius: 0.075
  hoverLayerMask:
    serializedVersion: 2
    m_Bits: 4294967295
  hoverUpdateInterval: 0.1
  useControllerHoverComponent: 1
  controllerHoverComponent: tip
  controllerHoverRadius: 0.15
  useFingerJointHover: 1
  fingerJointHover: 10
  fingerJointHoverRadius: 0.05
  objectAttachmentPoint: {fileID: 767746938}
  noSteamVRFallbackCamera: {fileID: 0}
  noSteamVRFallbackMaxDistanceNoItem: 10
  noSteamVRFallbackMaxDistanceWithItem: 0.5
  renderModelPrefab: {fileID: 1000011547835092, guid: d5082f7d9f947374197e0a97786f4e40,
    type: 2}
  showDebugText: 0
  spewDebugText: 0
  showDebugInteractables: 0
--- !u!114 &1331196138
MonoBehaviour:
  m_ObjectHideFlags: 0
  m_PrefabParentObject: {fileID: 114000011273627542, guid: dc06161b6d97feb419f45f03b62e14b9,
    type: 2}
  m_PrefabInternal: {fileID: 0}
  m_GameObject: {fileID: 1331196136}
  m_Enabled: 1
  m_EditorHideFlags: 0
  m_Script: {fileID: 11500000, guid: 9a5fb0ca93b55ef4b8d54b512b103341, type: 3}
  m_Name: 
  m_EditorClassIdentifier: 
  poseAction: {fileID: 11400000, guid: 6e7dbdf9fb3e7de4ca273b7ac4cb47c1, type: 2}
  inputSource: 1
  origin: {fileID: 0}
  onTransformUpdated:
    m_PersistentCalls:
      m_Calls: []
    m_TypeName: Valve.VR.SteamVR_Behaviour_PoseEvent, Assembly-CSharp, Version=0.0.0.0,
      Culture=neutral, PublicKeyToken=null
  onTransformChanged:
    m_PersistentCalls:
      m_Calls: []
    m_TypeName: Valve.VR.SteamVR_Behaviour_PoseEvent, Assembly-CSharp, Version=0.0.0.0,
      Culture=neutral, PublicKeyToken=null
  onConnectedChanged:
    m_PersistentCalls:
      m_Calls: []
    m_TypeName: Valve.VR.SteamVR_Behaviour_PoseEvent, Assembly-CSharp, Version=0.0.0.0,
      Culture=neutral, PublicKeyToken=null
  onTrackingChanged:
    m_PersistentCalls:
      m_Calls: []
    m_TypeName: Valve.VR.SteamVR_Behaviour_PoseEvent, Assembly-CSharp, Version=0.0.0.0,
      Culture=neutral, PublicKeyToken=null
--- !u!1 &1396350023
GameObject:
  m_ObjectHideFlags: 0
  m_PrefabParentObject: {fileID: 0}
  m_PrefabInternal: {fileID: 0}
  serializedVersion: 5
  m_Component:
  - component: {fileID: 1396350024}
  m_Layer: 0
  m_Name: GameObject (1)
  m_TagString: Untagged
  m_Icon: {fileID: 0}
  m_NavMeshLayer: 0
  m_StaticEditorFlags: 0
  m_IsActive: 1
--- !u!4 &1396350024
Transform:
  m_ObjectHideFlags: 0
  m_PrefabParentObject: {fileID: 0}
  m_PrefabInternal: {fileID: 0}
  m_GameObject: {fileID: 1396350023}
  m_LocalRotation: {x: -0, y: -0, z: -0, w: 1}
  m_LocalPosition: {x: 0.404, y: 0.44400004, z: 0.392}
  m_LocalScale: {x: 0.71024233, y: 0.71024215, z: 0.71024215}
  m_Children: []
  m_Father: {fileID: 112972228}
  m_RootOrder: 1
  m_LocalEulerAnglesHint: {x: 0, y: 0, z: 0}
--- !u!1 &1446917178
GameObject:
  m_ObjectHideFlags: 0
  m_PrefabParentObject: {fileID: 133480, guid: dc06161b6d97feb419f45f03b62e14b9, type: 2}
  m_PrefabInternal: {fileID: 0}
  serializedVersion: 5
  m_Component:
  - component: {fileID: 1446917179}
  - component: {fileID: 1446917182}
  - component: {fileID: 1446917181}
  - component: {fileID: 1446917180}
  m_Layer: 0
  m_Name: InputModule
  m_TagString: Untagged
  m_Icon: {fileID: 0}
  m_NavMeshLayer: 0
  m_StaticEditorFlags: 0
  m_IsActive: 1
--- !u!4 &1446917179
Transform:
  m_ObjectHideFlags: 0
  m_PrefabParentObject: {fileID: 471232, guid: dc06161b6d97feb419f45f03b62e14b9, type: 2}
  m_PrefabInternal: {fileID: 0}
  m_GameObject: {fileID: 1446917178}
  m_LocalRotation: {x: 0, y: 0, z: 0, w: 1}
  m_LocalPosition: {x: 0, y: 0, z: 0}
  m_LocalScale: {x: 1, y: 1, z: 1}
  m_Children: []
  m_Father: {fileID: 2058634911}
  m_RootOrder: 3
  m_LocalEulerAnglesHint: {x: 0, y: 0, z: 0}
--- !u!114 &1446917180
MonoBehaviour:
  m_ObjectHideFlags: 0
  m_PrefabParentObject: {fileID: 114000013786455312, guid: dc06161b6d97feb419f45f03b62e14b9,
    type: 2}
  m_PrefabInternal: {fileID: 0}
  m_GameObject: {fileID: 1446917178}
  m_Enabled: 1
  m_EditorHideFlags: 0
  m_Script: {fileID: 1077351063, guid: f5f67c52d1564df4a8936ccd202a3bd8, type: 3}
  m_Name: 
  m_EditorClassIdentifier: 
  m_HorizontalAxis: Horizontal
  m_VerticalAxis: Vertical
  m_SubmitButton: Submit
  m_CancelButton: Cancel
  m_InputActionsPerSecond: 10
  m_RepeatDelay: 0.5
  m_ForceModuleActive: 0
--- !u!114 &1446917181
MonoBehaviour:
  m_ObjectHideFlags: 0
  m_PrefabParentObject: {fileID: 11464692, guid: dc06161b6d97feb419f45f03b62e14b9,
    type: 2}
  m_PrefabInternal: {fileID: 0}
  m_GameObject: {fileID: 1446917178}
  m_Enabled: 1
  m_EditorHideFlags: 0
  m_Script: {fileID: 11500000, guid: c9e05292e0d62b542ac5bba92674a86d, type: 3}
  m_Name: 
  m_EditorClassIdentifier: 
--- !u!114 &1446917182
MonoBehaviour:
  m_ObjectHideFlags: 0
  m_PrefabParentObject: {fileID: 11461462, guid: dc06161b6d97feb419f45f03b62e14b9,
    type: 2}
  m_PrefabInternal: {fileID: 0}
  m_GameObject: {fileID: 1446917178}
  m_Enabled: 1
  m_EditorHideFlags: 0
  m_Script: {fileID: -619905303, guid: f5f67c52d1564df4a8936ccd202a3bd8, type: 3}
  m_Name: 
  m_EditorClassIdentifier: 
  m_FirstSelected: {fileID: 0}
  m_sendNavigationEvents: 0
  m_DragThreshold: 0
--- !u!1 &1478591596
GameObject:
  m_ObjectHideFlags: 0
  m_PrefabParentObject: {fileID: 1000013281422588, guid: dc06161b6d97feb419f45f03b62e14b9,
    type: 2}
  m_PrefabInternal: {fileID: 0}
  serializedVersion: 5
  m_Component:
  - component: {fileID: 1478591597}
  - component: {fileID: 1478591598}
  m_Layer: 8
  m_Name: Overlay
  m_TagString: Untagged
  m_Icon: {fileID: 0}
  m_NavMeshLayer: 0
  m_StaticEditorFlags: 0
  m_IsActive: 0
--- !u!4 &1478591597
Transform:
  m_ObjectHideFlags: 0
  m_PrefabParentObject: {fileID: 4000011699137176, guid: dc06161b6d97feb419f45f03b62e14b9,
    type: 2}
  m_PrefabInternal: {fileID: 0}
  m_GameObject: {fileID: 1478591596}
  m_LocalRotation: {x: -0, y: -0, z: -0, w: 1}
  m_LocalPosition: {x: 0, y: 0, z: 0}
  m_LocalScale: {x: 1, y: 1, z: 1}
  m_Children: []
  m_Father: {fileID: 1804810996}
  m_RootOrder: 4
  m_LocalEulerAnglesHint: {x: 0, y: 0, z: 0}
--- !u!114 &1478591598
MonoBehaviour:
  m_ObjectHideFlags: 0
  m_PrefabParentObject: {fileID: 114000010777378212, guid: dc06161b6d97feb419f45f03b62e14b9,
    type: 2}
  m_PrefabInternal: {fileID: 0}
  m_GameObject: {fileID: 1478591596}
  m_Enabled: 1
  m_EditorHideFlags: 0
  m_Script: {fileID: 11500000, guid: 46fe9e0b23166454c8cb73040321d78c, type: 3}
  m_Name: 
  m_EditorClassIdentifier: 
  texture: {fileID: 8400000, guid: 005ed5a6df2f5ff468efd6497d37fefa, type: 2}
  curved: 1
  antialias: 1
  highquality: 1
  scale: 3
  distance: 1.25
  alpha: 1
  uvOffset: {x: 0, y: 0, z: 1, w: 1}
  mouseScale: {x: 1, y: 1}
  curvedRange: {x: 1, y: 2}
  inputMethod: 0
--- !u!1 &1527934233
GameObject:
  m_ObjectHideFlags: 0
  m_PrefabParentObject: {fileID: 160596, guid: dc06161b6d97feb419f45f03b62e14b9, type: 2}
  m_PrefabInternal: {fileID: 0}
  serializedVersion: 5
  m_Component:
  - component: {fileID: 784107102}
  - component: {fileID: 1527934235}
  - component: {fileID: 1527934234}
  m_Layer: 26
  m_Name: RightHand
  m_TagString: Untagged
  m_Icon: {fileID: 0}
  m_NavMeshLayer: 0
  m_StaticEditorFlags: 0
  m_IsActive: 1
--- !u!114 &1527934234
MonoBehaviour:
  m_ObjectHideFlags: 0
  m_PrefabParentObject: {fileID: 114000011957598740, guid: dc06161b6d97feb419f45f03b62e14b9,
    type: 2}
  m_PrefabInternal: {fileID: 0}
  m_GameObject: {fileID: 1527934233}
  m_Enabled: 1
  m_EditorHideFlags: 0
  m_Script: {fileID: 11500000, guid: 9a5fb0ca93b55ef4b8d54b512b103341, type: 3}
  m_Name: 
  m_EditorClassIdentifier: 
  poseAction: {fileID: 11400000, guid: 6e7dbdf9fb3e7de4ca273b7ac4cb47c1, type: 2}
  inputSource: 2
  origin: {fileID: 0}
  onTransformUpdated:
    m_PersistentCalls:
      m_Calls: []
    m_TypeName: Valve.VR.SteamVR_Behaviour_PoseEvent, Assembly-CSharp, Version=0.0.0.0,
      Culture=neutral, PublicKeyToken=null
  onTransformChanged:
    m_PersistentCalls:
      m_Calls: []
    m_TypeName: Valve.VR.SteamVR_Behaviour_PoseEvent, Assembly-CSharp, Version=0.0.0.0,
      Culture=neutral, PublicKeyToken=null
  onConnectedChanged:
    m_PersistentCalls:
      m_Calls: []
    m_TypeName: Valve.VR.SteamVR_Behaviour_PoseEvent, Assembly-CSharp, Version=0.0.0.0,
      Culture=neutral, PublicKeyToken=null
  onTrackingChanged:
    m_PersistentCalls:
      m_Calls: []
    m_TypeName: Valve.VR.SteamVR_Behaviour_PoseEvent, Assembly-CSharp, Version=0.0.0.0,
      Culture=neutral, PublicKeyToken=null
--- !u!114 &1527934235
MonoBehaviour:
  m_ObjectHideFlags: 0
  m_PrefabParentObject: {fileID: 11401046, guid: dc06161b6d97feb419f45f03b62e14b9,
    type: 2}
  m_PrefabInternal: {fileID: 0}
  m_GameObject: {fileID: 1527934233}
  m_Enabled: 1
  m_EditorHideFlags: 0
  m_Script: {fileID: 11500000, guid: 29e3e4511966ba94d8ba0b98c6c62f82, type: 3}
  m_Name: 
  m_EditorClassIdentifier: 
  otherHand: {fileID: 1331196137}
  handType: 2
  trackedObject: {fileID: 0}
  grabPinchAction: {fileID: 11400000, guid: 0eb6484a686dc5f46b98776c5b751645, type: 2}
  grabGripAction: {fileID: 11400000, guid: 2418507abc4a0bb4d813287d61ce7136, type: 2}
  hapticAction: {fileID: 11400000, guid: 0830c1cba115cdd478967f3f3463087f, type: 2}
  uiInteractAction: {fileID: 11400000, guid: 61a2d6314ffe44e448b253cedd24d569, type: 2}
  useHoverSphere: 1
  hoverSphereTransform: {fileID: 710651158}
  hoverSphereRadius: 0.075
  hoverLayerMask:
    serializedVersion: 2
    m_Bits: 4294967295
  hoverUpdateInterval: 0.1
  useControllerHoverComponent: 1
  controllerHoverComponent: tip
  controllerHoverRadius: 0.15
  useFingerJointHover: 1
  fingerJointHover: 10
  fingerJointHoverRadius: 0.05
  objectAttachmentPoint: {fileID: 1529470039}
  noSteamVRFallbackCamera: {fileID: 0}
  noSteamVRFallbackMaxDistanceNoItem: 10
  noSteamVRFallbackMaxDistanceWithItem: 0.5
  renderModelPrefab: {fileID: 1000012617731570, guid: 837f93beb9a614743ae3a2c0ada7c388,
    type: 2}
  showDebugText: 0
  spewDebugText: 0
  showDebugInteractables: 0
--- !u!1 &1529470038
GameObject:
  m_ObjectHideFlags: 0
  m_PrefabParentObject: {fileID: 100470, guid: dc06161b6d97feb419f45f03b62e14b9, type: 2}
  m_PrefabInternal: {fileID: 0}
  serializedVersion: 5
  m_Component:
  - component: {fileID: 1529470039}
  m_Layer: 26
  m_Name: ObjectAttachmentPoint
  m_TagString: Untagged
  m_Icon: {fileID: 0}
  m_NavMeshLayer: 0
  m_StaticEditorFlags: 0
  m_IsActive: 1
--- !u!4 &1529470039
Transform:
  m_ObjectHideFlags: 0
  m_PrefabParentObject: {fileID: 490018, guid: dc06161b6d97feb419f45f03b62e14b9, type: 2}
  m_PrefabInternal: {fileID: 0}
  m_GameObject: {fileID: 1529470038}
  m_LocalRotation: {x: 0.32650563, y: 0.212631, z: -0.6272114, w: 0.67437977}
  m_LocalPosition: {x: -0.05199999, y: -0.0157, z: -0.11630082}
  m_LocalScale: {x: 1, y: 1, z: 1}
  m_Children: []
  m_Father: {fileID: 784107102}
  m_RootOrder: 1
  m_LocalEulerAnglesHint: {x: 135, y: 170, z: 90}
--- !u!1 &1534284740
GameObject:
  m_ObjectHideFlags: 0
  m_PrefabParentObject: {fileID: 110716, guid: dc06161b6d97feb419f45f03b62e14b9, type: 2}
  m_PrefabInternal: {fileID: 0}
  serializedVersion: 5
  m_Component:
  - component: {fileID: 1534284743}
  - component: {fileID: 1534284741}
  - component: {fileID: 1534284742}
  m_Layer: 0
  m_Name: FallbackObjects
  m_TagString: Untagged
  m_Icon: {fileID: 0}
  m_NavMeshLayer: 0
  m_StaticEditorFlags: 0
  m_IsActive: 1
--- !u!20 &1534284741
Camera:
  m_ObjectHideFlags: 0
  m_PrefabParentObject: {fileID: 2083460, guid: dc06161b6d97feb419f45f03b62e14b9,
    type: 2}
  m_PrefabInternal: {fileID: 0}
  m_GameObject: {fileID: 1534284740}
  m_Enabled: 1
  serializedVersion: 2
  m_ClearFlags: 1
  m_BackGroundColor: {r: 0.028762981, g: 0.05902014, b: 0.1397059, a: 1}
  m_NormalizedViewPortRect:
    serializedVersion: 2
    x: 0
    y: 0
    width: 1
    height: 1
  near clip plane: 0.05
  far clip plane: 300
  field of view: 60
  orthographic: 0
  orthographic size: 5
  m_Depth: -1
  m_CullingMask:
    serializedVersion: 2
    m_Bits: 4160749567
  m_RenderingPath: -1
  m_TargetTexture: {fileID: 0}
  m_TargetDisplay: 0
  m_TargetEye: 0
  m_HDR: 0
  m_AllowMSAA: 1
  m_AllowDynamicResolution: 0
  m_ForceIntoRT: 0
  m_OcclusionCulling: 1
  m_StereoConvergence: 10
  m_StereoSeparation: 0.022
--- !u!114 &1534284742
MonoBehaviour:
  m_ObjectHideFlags: 0
  m_PrefabParentObject: {fileID: 11476190, guid: dc06161b6d97feb419f45f03b62e14b9,
    type: 2}
  m_PrefabInternal: {fileID: 0}
  m_GameObject: {fileID: 1534284740}
  m_Enabled: 1
  m_EditorHideFlags: 0
  m_Script: {fileID: 11500000, guid: 6043f3be9a21bd74281f9770463bea00, type: 3}
  m_Name: 
  m_EditorClassIdentifier: 
  speed: 4
  shiftSpeed: 16
  showInstructions: 1
--- !u!4 &1534284743
Transform:
  m_ObjectHideFlags: 0
  m_PrefabParentObject: {fileID: 496744, guid: dc06161b6d97feb419f45f03b62e14b9, type: 2}
  m_PrefabInternal: {fileID: 0}
  m_GameObject: {fileID: 1534284740}
  m_LocalRotation: {x: 0, y: 0, z: 0, w: 1}
  m_LocalPosition: {x: 0, y: 1.75, z: 0}
  m_LocalScale: {x: 1, y: 1, z: 1}
  m_Children: []
  m_Father: {fileID: 1009492695}
  m_RootOrder: 0
  m_LocalEulerAnglesHint: {x: 0, y: 0, z: 0}
--- !u!1 &1562907261
GameObject:
  m_ObjectHideFlags: 0
  m_PrefabParentObject: {fileID: 0}
  m_PrefabInternal: {fileID: 0}
  serializedVersion: 5
  m_Component:
  - component: {fileID: 1562907266}
  - component: {fileID: 1562907265}
  - component: {fileID: 1562907264}
  - component: {fileID: 1562907263}
  - component: {fileID: 1562907262}
  m_Layer: 0
  m_Name: Cube (1)
  m_TagString: Untagged
  m_Icon: {fileID: 0}
  m_NavMeshLayer: 0
  m_StaticEditorFlags: 0
  m_IsActive: 1
--- !u!114 &1562907262
MonoBehaviour:
  m_ObjectHideFlags: 0
  m_PrefabParentObject: {fileID: 0}
  m_PrefabInternal: {fileID: 0}
  m_GameObject: {fileID: 1562907261}
  m_Enabled: 1
  m_EditorHideFlags: 0
  m_Script: {fileID: 11500000, guid: eb04474a26afd2e4d9ec70ede8742707, type: 3}
  m_Name: 
  m_EditorClassIdentifier: 
  laserObj: {fileID: 0}
  handObj: {fileID: 0}
--- !u!23 &1562907263
MeshRenderer:
  m_ObjectHideFlags: 0
  m_PrefabParentObject: {fileID: 0}
  m_PrefabInternal: {fileID: 0}
  m_GameObject: {fileID: 1562907261}
  m_Enabled: 1
  m_CastShadows: 1
  m_ReceiveShadows: 1
  m_DynamicOccludee: 1
  m_MotionVectors: 1
  m_LightProbeUsage: 1
  m_ReflectionProbeUsage: 1
  m_Materials:
  - {fileID: 10303, guid: 0000000000000000f000000000000000, type: 0}
  m_StaticBatchInfo:
    firstSubMesh: 0
    subMeshCount: 0
  m_StaticBatchRoot: {fileID: 0}
  m_ProbeAnchor: {fileID: 0}
  m_LightProbeVolumeOverride: {fileID: 0}
  m_ScaleInLightmap: 1
  m_PreserveUVs: 1
  m_IgnoreNormalsForChartDetection: 0
  m_ImportantGI: 0
  m_StitchLightmapSeams: 0
  m_SelectedEditorRenderState: 3
  m_MinimumChartSize: 4
  m_AutoUVMaxDistance: 0.5
  m_AutoUVMaxAngle: 89
  m_LightmapParameters: {fileID: 0}
  m_SortingLayerID: 0
  m_SortingLayer: 0
  m_SortingOrder: 0
--- !u!65 &1562907264
BoxCollider:
  m_ObjectHideFlags: 0
  m_PrefabParentObject: {fileID: 0}
  m_PrefabInternal: {fileID: 0}
  m_GameObject: {fileID: 1562907261}
  m_Material: {fileID: 0}
  m_IsTrigger: 0
  m_Enabled: 1
  serializedVersion: 2
  m_Size: {x: 1, y: 1, z: 1}
  m_Center: {x: 0, y: 0, z: 0}
--- !u!33 &1562907265
MeshFilter:
  m_ObjectHideFlags: 0
  m_PrefabParentObject: {fileID: 0}
  m_PrefabInternal: {fileID: 0}
  m_GameObject: {fileID: 1562907261}
  m_Mesh: {fileID: 10202, guid: 0000000000000000e000000000000000, type: 0}
--- !u!4 &1562907266
Transform:
  m_ObjectHideFlags: 0
  m_PrefabParentObject: {fileID: 0}
  m_PrefabInternal: {fileID: 0}
  m_GameObject: {fileID: 1562907261}
  m_LocalRotation: {x: 0, y: 0, z: 0, w: 1}
  m_LocalPosition: {x: -1.265, y: 0.235, z: 4}
  m_LocalScale: {x: 0.35606456, y: 0.35606456, z: 0.35606456}
  m_Children: []
  m_Father: {fileID: 0}
  m_RootOrder: 5
  m_LocalEulerAnglesHint: {x: 0, y: 0, z: 0}
--- !u!1 &1740691923
GameObject:
  m_ObjectHideFlags: 0
  m_PrefabParentObject: {fileID: 191996, guid: dc06161b6d97feb419f45f03b62e14b9, type: 2}
  m_PrefabInternal: {fileID: 0}
  serializedVersion: 5
  m_Component:
  - component: {fileID: 1740691924}
  - component: {fileID: 1740691927}
  - component: {fileID: 1740691926}
  - component: {fileID: 1740691925}
  m_Layer: 27
  m_Name: BodyCollider
  m_TagString: Untagged
  m_Icon: {fileID: 0}
  m_NavMeshLayer: 0
  m_StaticEditorFlags: 0
  m_IsActive: 1
--- !u!4 &1740691924
Transform:
  m_ObjectHideFlags: 0
  m_PrefabParentObject: {fileID: 476076, guid: dc06161b6d97feb419f45f03b62e14b9, type: 2}
  m_PrefabInternal: {fileID: 0}
  m_GameObject: {fileID: 1740691923}
  m_LocalRotation: {x: 0, y: 0, z: 0, w: 1}
  m_LocalPosition: {x: 0, y: 0, z: 0}
  m_LocalScale: {x: 1, y: 1, z: 1}
  m_Children: []
  m_Father: {fileID: 1804810996}
  m_RootOrder: 0
  m_LocalEulerAnglesHint: {x: 0, y: 0, z: 0}
--- !u!54 &1740691925
Rigidbody:
  m_ObjectHideFlags: 0
  m_PrefabParentObject: {fileID: 5475726, guid: dc06161b6d97feb419f45f03b62e14b9,
    type: 2}
  m_PrefabInternal: {fileID: 0}
  m_GameObject: {fileID: 1740691923}
  serializedVersion: 2
  m_Mass: 1
  m_Drag: 0
  m_AngularDrag: 0
  m_UseGravity: 0
  m_IsKinematic: 1
  m_Interpolate: 0
  m_Constraints: 0
  m_CollisionDetection: 0
--- !u!114 &1740691926
MonoBehaviour:
  m_ObjectHideFlags: 0
  m_PrefabParentObject: {fileID: 11455280, guid: dc06161b6d97feb419f45f03b62e14b9,
    type: 2}
  m_PrefabInternal: {fileID: 0}
  m_GameObject: {fileID: 1740691923}
  m_Enabled: 0
  m_EditorHideFlags: 0
  m_Script: {fileID: 11500000, guid: 1731d642c0b250b48bb8cdfb153d9792, type: 3}
  m_Name: 
  m_EditorClassIdentifier: 
  head: {fileID: 0}
--- !u!136 &1740691927
CapsuleCollider:
  m_ObjectHideFlags: 0
  m_PrefabParentObject: {fileID: 13693334, guid: dc06161b6d97feb419f45f03b62e14b9,
    type: 2}
  m_PrefabInternal: {fileID: 0}
  m_GameObject: {fileID: 1740691923}
  m_Material: {fileID: 0}
  m_IsTrigger: 0
  m_Enabled: 0
  m_Radius: 0.25
  m_Height: 1.5
  m_Direction: 1
  m_Center: {x: 0, y: 0.75, z: 0}
--- !u!1 &1804810995
GameObject:
  m_ObjectHideFlags: 0
  m_PrefabParentObject: {fileID: 114188, guid: dc06161b6d97feb419f45f03b62e14b9, type: 2}
  m_PrefabInternal: {fileID: 0}
  serializedVersion: 5
  m_Component:
  - component: {fileID: 1804810996}
  m_Layer: 0
  m_Name: SteamVRObjects
  m_TagString: Untagged
  m_Icon: {fileID: 0}
  m_NavMeshLayer: 0
  m_StaticEditorFlags: 0
  m_IsActive: 1
--- !u!4 &1804810996
Transform:
  m_ObjectHideFlags: 0
  m_PrefabParentObject: {fileID: 494198, guid: dc06161b6d97feb419f45f03b62e14b9, type: 2}
  m_PrefabInternal: {fileID: 0}
  m_GameObject: {fileID: 1804810995}
  m_LocalRotation: {x: 0, y: 0, z: 0, w: 1}
  m_LocalPosition: {x: 0, y: 0, z: 0}
  m_LocalScale: {x: 1, y: 1, z: 1}
  m_Children:
  - {fileID: 1740691924}
  - {fileID: 705915500}
  - {fileID: 784107102}
  - {fileID: 428671456}
  - {fileID: 1478591597}
  - {fileID: 756762690}
  m_Father: {fileID: 2058634911}
  m_RootOrder: 0
  m_LocalEulerAnglesHint: {x: 0, y: 0, z: 0}
--- !u!1 &1878545767
GameObject:
  m_ObjectHideFlags: 0
  m_PrefabParentObject: {fileID: 0}
  m_PrefabInternal: {fileID: 0}
  serializedVersion: 5
  m_Component:
  - component: {fileID: 1878545768}
  m_Layer: 0
  m_Name: GameObject
  m_TagString: Untagged
  m_Icon: {fileID: 0}
  m_NavMeshLayer: 0
  m_StaticEditorFlags: 0
  m_IsActive: 1
--- !u!4 &1878545768
Transform:
  m_ObjectHideFlags: 0
  m_PrefabParentObject: {fileID: 0}
  m_PrefabInternal: {fileID: 0}
  m_GameObject: {fileID: 1878545767}
  m_LocalRotation: {x: -0, y: -0, z: -0, w: 1}
  m_LocalPosition: {x: -0.018, y: 0.444, z: 0.028}
  m_LocalScale: {x: 0.71024233, y: 0.71024215, z: 0.71024215}
  m_Children: []
  m_Father: {fileID: 112972228}
  m_RootOrder: 0
  m_LocalEulerAnglesHint: {x: 0, y: 0, z: 0}
--- !u!1 &1943182761
GameObject:
  m_ObjectHideFlags: 0
  m_PrefabParentObject: {fileID: 101548, guid: dc06161b6d97feb419f45f03b62e14b9, type: 2}
  m_PrefabInternal: {fileID: 0}
  serializedVersion: 5
  m_Component:
  - component: {fileID: 1943182762}
  - component: {fileID: 1943182763}
  m_Layer: 0
  m_Name: FollowHead
  m_TagString: Untagged
  m_Icon: {fileID: 0}
  m_NavMeshLayer: 0
  m_StaticEditorFlags: 0
  m_IsActive: 1
--- !u!4 &1943182762
Transform:
  m_ObjectHideFlags: 0
  m_PrefabParentObject: {fileID: 471722, guid: dc06161b6d97feb419f45f03b62e14b9, type: 2}
  m_PrefabInternal: {fileID: 0}
  m_GameObject: {fileID: 1943182761}
  m_LocalRotation: {x: 0, y: 0, z: 0, w: 1}
  m_LocalPosition: {x: 0, y: 0, z: 0}
  m_LocalScale: {x: 1, y: 1, z: 1}
  m_Children:
  - {fileID: 551195872}
  m_Father: {fileID: 2058634911}
  m_RootOrder: 2
  m_LocalEulerAnglesHint: {x: 0, y: 0, z: 0}
--- !u!81 &1943182763
AudioListener:
  m_ObjectHideFlags: 0
  m_PrefabParentObject: {fileID: 8194540, guid: dc06161b6d97feb419f45f03b62e14b9,
    type: 2}
  m_PrefabInternal: {fileID: 0}
  m_GameObject: {fileID: 1943182761}
  m_Enabled: 1
--- !u!1 &2018589994
GameObject:
  m_ObjectHideFlags: 0
  m_PrefabParentObject: {fileID: 171246, guid: dc06161b6d97feb419f45f03b62e14b9, type: 2}
  m_PrefabInternal: {fileID: 0}
  serializedVersion: 5
  m_Component:
  - component: {fileID: 2018589995}
  - component: {fileID: 2018589996}
  m_Layer: 26
  m_Name: ControllerButtonHints
  m_TagString: Untagged
  m_Icon: {fileID: 0}
  m_NavMeshLayer: 0
  m_StaticEditorFlags: 0
  m_IsActive: 1
--- !u!4 &2018589995
Transform:
  m_ObjectHideFlags: 0
  m_PrefabParentObject: {fileID: 446772, guid: dc06161b6d97feb419f45f03b62e14b9, type: 2}
  m_PrefabInternal: {fileID: 0}
  m_GameObject: {fileID: 2018589994}
  m_LocalRotation: {x: 0, y: 0, z: 0, w: 1}
  m_LocalPosition: {x: 0, y: 0, z: 0}
  m_LocalScale: {x: 1, y: 1, z: 1}
  m_Children: []
  m_Father: {fileID: 784107102}
  m_RootOrder: 3
  m_LocalEulerAnglesHint: {x: 0, y: 0, z: 0}
--- !u!114 &2018589996
MonoBehaviour:
  m_ObjectHideFlags: 0
  m_PrefabParentObject: {fileID: 11489144, guid: dc06161b6d97feb419f45f03b62e14b9,
    type: 2}
  m_PrefabInternal: {fileID: 0}
  m_GameObject: {fileID: 2018589994}
  m_Enabled: 1
  m_EditorHideFlags: 0
  m_Script: {fileID: 11500000, guid: ea1001a6626353541ab4d4b39f4c3569, type: 3}
  m_Name: 
  m_EditorClassIdentifier: 
  controllerMaterial: {fileID: 2100000, guid: 11b050e661ec0cf48a289a7266451e91, type: 2}
  flashColor: {r: 1, g: 0.9170069, b: 0.453, a: 0.709}
  textHintPrefab: {fileID: 140952, guid: 5fa42bb9e52706a42b8a1eaf0b54326a, type: 2}
  hapticFlash: {fileID: 11400000, guid: 0830c1cba115cdd478967f3f3463087f, type: 2}
  debugHints: 0
--- !u!1 &2058634910
GameObject:
  m_ObjectHideFlags: 0
  m_PrefabParentObject: {fileID: 107946, guid: dc06161b6d97feb419f45f03b62e14b9, type: 2}
  m_PrefabInternal: {fileID: 0}
  serializedVersion: 5
  m_Component:
  - component: {fileID: 2058634911}
  - component: {fileID: 2058634912}
  - component: {fileID: 2058634913}
  m_Layer: 0
  m_Name: Player
  m_TagString: Untagged
  m_Icon: {fileID: 3936346786652291628, guid: 0000000000000000d000000000000000, type: 0}
  m_NavMeshLayer: 0
  m_StaticEditorFlags: 0
  m_IsActive: 1
--- !u!4 &2058634911
Transform:
  m_ObjectHideFlags: 0
  m_PrefabParentObject: {fileID: 447954, guid: dc06161b6d97feb419f45f03b62e14b9, type: 2}
  m_PrefabInternal: {fileID: 0}
  m_GameObject: {fileID: 2058634910}
  m_LocalRotation: {x: 0, y: 0, z: 0, w: 1}
  m_LocalPosition: {x: 0, y: 0, z: 0}
  m_LocalScale: {x: 1, y: 1, z: 1}
  m_Children:
  - {fileID: 1804810996}
  - {fileID: 1009492695}
  - {fileID: 1943182762}
  - {fileID: 1446917179}
  - {fileID: 2067793241}
  - {fileID: 598609596}
  m_Father: {fileID: 0}
  m_RootOrder: 2
  m_LocalEulerAnglesHint: {x: 0, y: 0, z: 0}
--- !u!114 &2058634912
MonoBehaviour:
  m_ObjectHideFlags: 0
  m_PrefabParentObject: {fileID: 0}
  m_PrefabInternal: {fileID: 0}
  m_GameObject: {fileID: 2058634910}
  m_Enabled: 1
  m_EditorHideFlags: 0
  m_Script: {fileID: 11500000, guid: ec8711f170db9a447b3e4cc0f17e99e3, type: 3}
  m_Name: 
  m_EditorClassIdentifier: 
  stepInfo:
    headerText: {fileID: 0}
    stepNumText: {fileID: 0}
    taskCompleted: {fileID: 0}
    taskCompleteAudio: {fileID: 0}
    stepNum: -1
    steps:
    - beforePickUp:
        laserHitComp: {fileID: 949751125}
        audio: {fileID: 0}
        effect: {fileID: 0}
        instructions: {fileID: 0}
      afterPickUp:
        laserHitComp: {fileID: 112972224}
        audio: {fileID: 0}
        effect: {fileID: 0}
        instructions: {fileID: 0}
        objPlaceTrans: {fileID: 1878545768}
    - beforePickUp:
        laserHitComp: {fileID: 1562907262}
        audio: {fileID: 0}
        effect: {fileID: 0}
        instructions: {fileID: 0}
      afterPickUp:
        laserHitComp: {fileID: 112972224}
        audio: {fileID: 0}
        effect: {fileID: 0}
        instructions: {fileID: 0}
        objPlaceTrans: {fileID: 1396350024}
  movSpeed: 2
  touchPadPosMagForMov: 0.2
--- !u!82 &2058634913
AudioSource:
  m_ObjectHideFlags: 0
  m_PrefabParentObject: {fileID: 0}
  m_PrefabInternal: {fileID: 0}
  m_GameObject: {fileID: 2058634910}
  m_Enabled: 1
  serializedVersion: 4
  OutputAudioMixerGroup: {fileID: 0}
  m_audioClip: {fileID: 0}
  m_PlayOnAwake: 0
  m_Volume: 1
  m_Pitch: 1
  Loop: 0
  Mute: 0
  Spatialize: 0
  SpatializePostEffects: 0
  Priority: 128
  DopplerLevel: 1
  MinDistance: 1
  MaxDistance: 500
  Pan2D: 0
  rolloffMode: 0
  BypassEffects: 0
  BypassListenerEffects: 0
  BypassReverbZones: 0
  rolloffCustomCurve:
    serializedVersion: 2
    m_Curve:
    - serializedVersion: 2
      time: 0
      value: 1
      inSlope: 0
      outSlope: 0
      tangentMode: 0
    - serializedVersion: 2
      time: 1
      value: 0
      inSlope: 0
      outSlope: 0
      tangentMode: 0
    m_PreInfinity: 2
    m_PostInfinity: 2
    m_RotationOrder: 4
  panLevelCustomCurve:
    serializedVersion: 2
    m_Curve:
    - serializedVersion: 2
      time: 0
      value: 0
      inSlope: 0
      outSlope: 0
      tangentMode: 0
    m_PreInfinity: 2
    m_PostInfinity: 2
    m_RotationOrder: 0
  spreadCustomCurve:
    serializedVersion: 2
    m_Curve:
    - serializedVersion: 2
      time: 0
      value: 0
      inSlope: 0
      outSlope: 0
      tangentMode: 0
    m_PreInfinity: 2
    m_PostInfinity: 2
    m_RotationOrder: 0
  reverbZoneMixCustomCurve:
    serializedVersion: 2
    m_Curve:
    - serializedVersion: 2
      time: 0
      value: 1
      inSlope: 0
      outSlope: 0
      tangentMode: 0
    m_PreInfinity: 2
    m_PostInfinity: 2
    m_RotationOrder: 0
--- !u!1 &2067793240
GameObject:
  m_ObjectHideFlags: 0
  m_PrefabParentObject: {fileID: 107460, guid: dc06161b6d97feb419f45f03b62e14b9, type: 2}
  m_PrefabInternal: {fileID: 0}
  serializedVersion: 5
  m_Component:
  - component: {fileID: 2067793241}
  - component: {fileID: 2067793244}
  - component: {fileID: 2067793243}
  - component: {fileID: 2067793242}
  m_Layer: 0
  m_Name: PlayVolume
  m_TagString: Untagged
  m_Icon: {fileID: 0}
  m_NavMeshLayer: 0
  m_StaticEditorFlags: 0
  m_IsActive: 0
--- !u!4 &2067793241
Transform:
  m_ObjectHideFlags: 0
  m_PrefabParentObject: {fileID: 409054, guid: dc06161b6d97feb419f45f03b62e14b9, type: 2}
  m_PrefabInternal: {fileID: 0}
  m_GameObject: {fileID: 2067793240}
  m_LocalRotation: {x: 0, y: 0, z: 0, w: 1}
  m_LocalPosition: {x: 0, y: 0, z: 0}
  m_LocalScale: {x: 1, y: 1, z: 1}
  m_Children: []
  m_Father: {fileID: 2058634911}
  m_RootOrder: 4
  m_LocalEulerAnglesHint: {x: 0, y: 0, z: 0}
--- !u!114 &2067793242
MonoBehaviour:
  m_ObjectHideFlags: 0
  m_PrefabParentObject: {fileID: 11451472, guid: dc06161b6d97feb419f45f03b62e14b9,
    type: 2}
  m_PrefabInternal: {fileID: 0}
  m_GameObject: {fileID: 2067793240}
  m_Enabled: 0
  m_EditorHideFlags: 0
  m_Script: {fileID: 11500000, guid: 1f0522eaef74d984591c060d05a095c8, type: 3}
  m_Name: 
  m_EditorClassIdentifier: 
  borderThickness: -0.07
  wireframeHeight: 2
  drawWireframeWhenSelectedOnly: 0
  drawInGame: 1
  size: 0
  color: {r: 0, g: 1, b: 1, a: 0.922}
  vertices:
  - {x: 1.0000002, y: 0.01, z: -1.0000002}
  - {x: -1.0000002, y: 0.01, z: -1.0000002}
  - {x: -1.0000002, y: 0.01, z: 1.0000002}
  - {x: 1.0000002, y: 0.01, z: 1.0000002}
  - {x: 0.93000025, y: 0.01, z: -0.93000025}
  - {x: -0.93000025, y: 0.01, z: -0.93000025}
  - {x: -0.93000025, y: 0.01, z: 0.93000025}
  - {x: 0.93000025, y: 0.01, z: 0.93000025}
--- !u!33 &2067793243
MeshFilter:
  m_ObjectHideFlags: 0
  m_PrefabParentObject: {fileID: 3390842, guid: dc06161b6d97feb419f45f03b62e14b9,
    type: 2}
  m_PrefabInternal: {fileID: 0}
  m_GameObject: {fileID: 2067793240}
  m_Mesh: {fileID: 0}
--- !u!23 &2067793244
MeshRenderer:
  m_ObjectHideFlags: 0
  m_PrefabParentObject: {fileID: 2326430, guid: dc06161b6d97feb419f45f03b62e14b9,
    type: 2}
  m_PrefabInternal: {fileID: 0}
  m_GameObject: {fileID: 2067793240}
  m_Enabled: 1
  m_CastShadows: 0
  m_ReceiveShadows: 0
  m_DynamicOccludee: 1
  m_MotionVectors: 1
  m_LightProbeUsage: 0
  m_ReflectionProbeUsage: 0
  m_Materials:
  - {fileID: 10754, guid: 0000000000000000f000000000000000, type: 0}
  m_StaticBatchInfo:
    firstSubMesh: 0
    subMeshCount: 0
  m_StaticBatchRoot: {fileID: 0}
  m_ProbeAnchor: {fileID: 0}
  m_LightProbeVolumeOverride: {fileID: 0}
  m_ScaleInLightmap: 1
  m_PreserveUVs: 0
  m_IgnoreNormalsForChartDetection: 0
  m_ImportantGI: 0
  m_StitchLightmapSeams: 0
  m_SelectedEditorRenderState: 3
  m_MinimumChartSize: 4
  m_AutoUVMaxDistance: 0.5
  m_AutoUVMaxAngle: 89
  m_LightmapParameters: {fileID: 0}
  m_SortingLayerID: 0
  m_SortingLayer: 0
  m_SortingOrder: 0
