%YAML 1.1
%TAG !u! tag:unity3d.com,2011:
--- !u!1 &100470
GameObject:
  m_ObjectHideFlags: 1
  m_PrefabParentObject: {fileID: 0}
  m_PrefabInternal: {fileID: 100100000}
  serializedVersion: 5
  m_Component:
  - component: {fileID: 490018}
  m_Layer: 26
  m_Name: ObjectAttachmentPoint
  m_TagString: Untagged
  m_Icon: {fileID: 0}
  m_NavMeshLayer: 0
  m_StaticEditorFlags: 0
  m_IsActive: 1
--- !u!1 &101548
GameObject:
  m_ObjectHideFlags: 0
  m_PrefabParentObject: {fileID: 0}
  m_PrefabInternal: {fileID: 100100000}
  serializedVersion: 5
  m_Component:
  - component: {fileID: 471722}
  - component: {fileID: 8194540}
  m_Layer: 0
  m_Name: FollowHead
  m_TagString: Untagged
  m_Icon: {fileID: 0}
  m_NavMeshLayer: 0
  m_StaticEditorFlags: 0
  m_IsActive: 1
--- !u!1 &105336
GameObject:
  m_ObjectHideFlags: 0
  m_PrefabParentObject: {fileID: 0}
  m_PrefabInternal: {fileID: 100100000}
  serializedVersion: 5
  m_Component:
  - component: {fileID: 402768}
  m_Layer: 0
  m_Name: NoSteamVRFallbackObjects
  m_TagString: Untagged
  m_Icon: {fileID: 0}
  m_NavMeshLayer: 0
  m_StaticEditorFlags: 0
  m_IsActive: 0
--- !u!1 &107460
GameObject:
  m_ObjectHideFlags: 0
  m_PrefabParentObject: {fileID: 0}
  m_PrefabInternal: {fileID: 100100000}
  serializedVersion: 5
  m_Component:
  - component: {fileID: 409054}
  - component: {fileID: 2326430}
  - component: {fileID: 3390842}
  - component: {fileID: 11451472}
  m_Layer: 0
  m_Name: PlayVolume
  m_TagString: Untagged
  m_Icon: {fileID: 0}
  m_NavMeshLayer: 0
  m_StaticEditorFlags: 0
  m_IsActive: 0
--- !u!1 &107946
GameObject:
  m_ObjectHideFlags: 0
  m_PrefabParentObject: {fileID: 0}
  m_PrefabInternal: {fileID: 100100000}
  serializedVersion: 5
  m_Component:
  - component: {fileID: 447954}
  - component: {fileID: 114967077754431268}
  - component: {fileID: 82296730418005808}
  m_Layer: 0
  m_Name: Player
  m_TagString: Untagged
  m_Icon: {fileID: 3936346786652291628, guid: 0000000000000000d000000000000000, type: 0}
  m_NavMeshLayer: 0
  m_StaticEditorFlags: 0
  m_IsActive: 1
--- !u!1 &109154
GameObject:
  m_ObjectHideFlags: 1
  m_PrefabParentObject: {fileID: 0}
  m_PrefabInternal: {fileID: 100100000}
  serializedVersion: 5
  m_Component:
  - component: {fileID: 422332}
  - component: {fileID: 3368578}
  - component: {fileID: 2353626}
  m_Layer: 26
  m_Name: Indicator
  m_TagString: Untagged
  m_Icon: {fileID: 0}
  m_NavMeshLayer: 0
  m_StaticEditorFlags: 0
  m_IsActive: 1
--- !u!1 &110716
GameObject:
  m_ObjectHideFlags: 1
  m_PrefabParentObject: {fileID: 0}
  m_PrefabInternal: {fileID: 100100000}
  serializedVersion: 5
  m_Component:
  - component: {fileID: 496744}
  - component: {fileID: 2083460}
  - component: {fileID: 11476190}
  m_Layer: 0
  m_Name: FallbackObjects
  m_TagString: Untagged
  m_Icon: {fileID: 0}
  m_NavMeshLayer: 0
  m_StaticEditorFlags: 0
  m_IsActive: 1
--- !u!1 &114188
GameObject:
  m_ObjectHideFlags: 0
  m_PrefabParentObject: {fileID: 0}
  m_PrefabInternal: {fileID: 100100000}
  serializedVersion: 5
  m_Component:
  - component: {fileID: 494198}
  m_Layer: 0
  m_Name: SteamVRObjects
  m_TagString: Untagged
  m_Icon: {fileID: 0}
  m_NavMeshLayer: 0
  m_StaticEditorFlags: 0
  m_IsActive: 1
--- !u!1 &121078
GameObject:
  m_ObjectHideFlags: 1
  m_PrefabParentObject: {fileID: 0}
  m_PrefabInternal: {fileID: 100100000}
  serializedVersion: 5
  m_Component:
  - component: {fileID: 453574}
  - component: {fileID: 5452286}
  m_Layer: 26
  m_Name: HeadCollider
  m_TagString: Untagged
  m_Icon: {fileID: 0}
  m_NavMeshLayer: 0
  m_StaticEditorFlags: 0
  m_IsActive: 1
--- !u!1 &125964
GameObject:
  m_ObjectHideFlags: 1
  m_PrefabParentObject: {fileID: 0}
  m_PrefabInternal: {fileID: 100100000}
  serializedVersion: 5
  m_Component:
  - component: {fileID: 429506}
  - component: {fileID: 2014920}
  - component: {fileID: 11450526}
  - component: {fileID: 9215702}
  - component: {fileID: 12440092}
  - component: {fileID: 114753060554362774}
  - component: {fileID: 114557375577479616}
  - component: {fileID: 114366865871227906}
  - component: {fileID: 82179651313906698}
  m_Layer: 0
  m_Name: VRCamera
  m_TagString: MainCamera
  m_Icon: {fileID: 0}
  m_NavMeshLayer: 0
  m_StaticEditorFlags: 0
  m_IsActive: 1
--- !u!1 &129006
GameObject:
  m_ObjectHideFlags: 1
  m_PrefabParentObject: {fileID: 0}
  m_PrefabInternal: {fileID: 100100000}
  serializedVersion: 5
  m_Component:
  - component: {fileID: 495400}
  - component: {fileID: 11405908}
  m_Layer: 0
  m_Name: ControllerHoverHighlight
  m_TagString: Untagged
  m_Icon: {fileID: 0}
  m_NavMeshLayer: 0
  m_StaticEditorFlags: 0
  m_IsActive: 0
--- !u!1 &133480
GameObject:
  m_ObjectHideFlags: 0
  m_PrefabParentObject: {fileID: 0}
  m_PrefabInternal: {fileID: 100100000}
  serializedVersion: 5
  m_Component:
  - component: {fileID: 471232}
  - component: {fileID: 11461462}
  - component: {fileID: 11464692}
  - component: {fileID: 114000013786455312}
  m_Layer: 0
  m_Name: InputModule
  m_TagString: Untagged
  m_Icon: {fileID: 0}
  m_NavMeshLayer: 0
  m_StaticEditorFlags: 0
  m_IsActive: 1
--- !u!1 &135526
GameObject:
  m_ObjectHideFlags: 1
  m_PrefabParentObject: {fileID: 0}
  m_PrefabInternal: {fileID: 100100000}
  serializedVersion: 5
  m_Component:
  - component: {fileID: 458882}
  - component: {fileID: 11497470}
  - component: {fileID: 5492098}
  m_Layer: 26
  m_Name: FallbackHand
  m_TagString: Untagged
  m_Icon: {fileID: 0}
  m_NavMeshLayer: 0
  m_StaticEditorFlags: 0
  m_IsActive: 1
--- !u!1 &144230
GameObject:
  m_ObjectHideFlags: 1
  m_PrefabParentObject: {fileID: 0}
  m_PrefabInternal: {fileID: 100100000}
  serializedVersion: 5
  m_Component:
  - component: {fileID: 476540}
  - component: {fileID: 11450312}
  - component: {fileID: 114000011273627542}
  m_Layer: 26
  m_Name: LeftHand
  m_TagString: Untagged
  m_Icon: {fileID: 0}
  m_NavMeshLayer: 0
  m_StaticEditorFlags: 0
  m_IsActive: 1
--- !u!1 &160596
GameObject:
  m_ObjectHideFlags: 1
  m_PrefabParentObject: {fileID: 0}
  m_PrefabInternal: {fileID: 100100000}
  serializedVersion: 5
  m_Component:
  - component: {fileID: 485514}
  - component: {fileID: 11401046}
  - component: {fileID: 114000011957598740}
  m_Layer: 26
  m_Name: RightHand
  m_TagString: Untagged
  m_Icon: {fileID: 0}
  m_NavMeshLayer: 0
  m_StaticEditorFlags: 0
  m_IsActive: 1
--- !u!1 &165334
GameObject:
  m_ObjectHideFlags: 1
  m_PrefabParentObject: {fileID: 0}
  m_PrefabInternal: {fileID: 100100000}
  serializedVersion: 5
  m_Component:
  - component: {fileID: 480432}
  m_Layer: 26
  m_Name: HoverPoint
  m_TagString: Untagged
  m_Icon: {fileID: 0}
  m_NavMeshLayer: 0
  m_StaticEditorFlags: 0
  m_IsActive: 1
--- !u!1 &167242
GameObject:
  m_ObjectHideFlags: 1
  m_PrefabParentObject: {fileID: 0}
  m_PrefabInternal: {fileID: 100100000}
  serializedVersion: 5
  m_Component:
  - component: {fileID: 451882}
  - component: {fileID: 11461284}
  m_Layer: 0
  m_Name: ControllerHoverHighlight
  m_TagString: Untagged
  m_Icon: {fileID: 0}
  m_NavMeshLayer: 0
  m_StaticEditorFlags: 0
  m_IsActive: 0
--- !u!1 &168724
GameObject:
  m_ObjectHideFlags: 1
  m_PrefabParentObject: {fileID: 0}
  m_PrefabInternal: {fileID: 100100000}
  serializedVersion: 5
  m_Component:
  - component: {fileID: 472612}
  - component: {fileID: 11479638}
  - component: {fileID: 114000010474703086}
  m_Layer: 0
  m_Name: '[SteamVR]'
  m_TagString: Untagged
  m_Icon: {fileID: 0}
  m_NavMeshLayer: 0
  m_StaticEditorFlags: 0
  m_IsActive: 1
--- !u!1 &171246
GameObject:
  m_ObjectHideFlags: 1
  m_PrefabParentObject: {fileID: 0}
  m_PrefabInternal: {fileID: 100100000}
  serializedVersion: 5
  m_Component:
  - component: {fileID: 446772}
  - component: {fileID: 11489144}
  m_Layer: 26
  m_Name: ControllerButtonHints
  m_TagString: Untagged
  m_Icon: {fileID: 0}
  m_NavMeshLayer: 0
  m_StaticEditorFlags: 0
  m_IsActive: 1
--- !u!1 &177230
GameObject:
  m_ObjectHideFlags: 1
  m_PrefabParentObject: {fileID: 0}
  m_PrefabInternal: {fileID: 100100000}
  serializedVersion: 5
  m_Component:
  - component: {fileID: 413580}
  - component: {fileID: 11494192}
  m_Layer: 26
  m_Name: ControllerButtonHints
  m_TagString: Untagged
  m_Icon: {fileID: 0}
  m_NavMeshLayer: 0
  m_StaticEditorFlags: 0
  m_IsActive: 1
--- !u!1 &191996
GameObject:
  m_ObjectHideFlags: 1
  m_PrefabParentObject: {fileID: 0}
  m_PrefabInternal: {fileID: 100100000}
  serializedVersion: 5
  m_Component:
  - component: {fileID: 476076}
  - component: {fileID: 5475726}
  m_Layer: 27
  m_Name: BodyCollider
  m_TagString: Untagged
  m_Icon: {fileID: 0}
  m_NavMeshLayer: 0
  m_StaticEditorFlags: 0
  m_IsActive: 1
--- !u!4 &402768
Transform:
  m_ObjectHideFlags: 1
  m_PrefabParentObject: {fileID: 0}
  m_PrefabInternal: {fileID: 100100000}
  m_GameObject: {fileID: 105336}
  m_LocalRotation: {x: 0, y: 0, z: 0, w: 1}
  m_LocalPosition: {x: 0, y: 0, z: 0}
  m_LocalScale: {x: 1, y: 1, z: 1}
  m_Children:
  - {fileID: 496744}
  - {fileID: 458882}
  m_Father: {fileID: 447954}
  m_RootOrder: 1
  m_LocalEulerAnglesHint: {x: 0, y: 0, z: 0}
--- !u!4 &409054
Transform:
  m_ObjectHideFlags: 1
  m_PrefabParentObject: {fileID: 0}
  m_PrefabInternal: {fileID: 100100000}
  m_GameObject: {fileID: 107460}
  m_LocalRotation: {x: 0, y: 0, z: 0, w: 1}
  m_LocalPosition: {x: 0, y: 0, z: 0}
  m_LocalScale: {x: 1, y: 1, z: 1}
  m_Children: []
  m_Father: {fileID: 447954}
  m_RootOrder: 4
  m_LocalEulerAnglesHint: {x: 0, y: 0, z: 0}
--- !u!4 &413580
Transform:
  m_ObjectHideFlags: 1
  m_PrefabParentObject: {fileID: 0}
  m_PrefabInternal: {fileID: 100100000}
  m_GameObject: {fileID: 177230}
  m_LocalRotation: {x: 0, y: 0, z: 0, w: 1}
  m_LocalPosition: {x: 0, y: 0, z: 0}
  m_LocalScale: {x: 1, y: 1, z: 1}
  m_Children: []
  m_Father: {fileID: 476540}
  m_RootOrder: 3
  m_LocalEulerAnglesHint: {x: 0, y: 0, z: 0}
--- !u!4 &422332
Transform:
  m_ObjectHideFlags: 1
  m_PrefabParentObject: {fileID: 0}
  m_PrefabInternal: {fileID: 100100000}
  m_GameObject: {fileID: 109154}
  m_LocalRotation: {x: 0, y: 0, z: 0, w: 1}
  m_LocalPosition: {x: 0, y: 0, z: 0}
  m_LocalScale: {x: 0.025, y: 0.025, z: 0.025}
  m_Children: []
  m_Father: {fileID: 458882}
  m_RootOrder: 0
  m_LocalEulerAnglesHint: {x: 0, y: 0, z: 0}
--- !u!4 &429506
Transform:
  m_ObjectHideFlags: 1
  m_PrefabParentObject: {fileID: 0}
  m_PrefabInternal: {fileID: 100100000}
  m_GameObject: {fileID: 125964}
  m_LocalRotation: {x: 0, y: 0, z: 0, w: 1}
  m_LocalPosition: {x: 0, y: 0, z: 0}
  m_LocalScale: {x: 1, y: 1, z: 1}
  m_Children:
  - {fileID: 4680841501988372}
  m_Father: {fileID: 494198}
  m_RootOrder: 3
  m_LocalEulerAnglesHint: {x: 0, y: 0, z: 0}
--- !u!4 &446772
Transform:
  m_ObjectHideFlags: 1
  m_PrefabParentObject: {fileID: 0}
  m_PrefabInternal: {fileID: 100100000}
  m_GameObject: {fileID: 171246}
  m_LocalRotation: {x: 0, y: 0, z: 0, w: 1}
  m_LocalPosition: {x: 0, y: 0, z: 0}
  m_LocalScale: {x: 1, y: 1, z: 1}
  m_Children: []
  m_Father: {fileID: 485514}
  m_RootOrder: 3
  m_LocalEulerAnglesHint: {x: 0, y: 0, z: 0}
--- !u!4 &447954
Transform:
  m_ObjectHideFlags: 1
  m_PrefabParentObject: {fileID: 0}
  m_PrefabInternal: {fileID: 100100000}
  m_GameObject: {fileID: 107946}
  m_LocalRotation: {x: 0, y: -0.7071068, z: 0, w: 0.7071068}
  m_LocalPosition: {x: -1, y: 1.09, z: 13.23}
  m_LocalScale: {x: 1, y: 1, z: 1}
  m_Children:
  - {fileID: 494198}
  - {fileID: 402768}
  - {fileID: 471722}
  - {fileID: 471232}
  - {fileID: 409054}
  - {fileID: 4000012025983752}
  m_Father: {fileID: 0}
  m_RootOrder: 0
  m_LocalEulerAnglesHint: {x: 0, y: -90, z: 0}
--- !u!4 &451882
Transform:
  m_ObjectHideFlags: 1
  m_PrefabParentObject: {fileID: 0}
  m_PrefabInternal: {fileID: 100100000}
  m_GameObject: {fileID: 167242}
  m_LocalRotation: {x: 0, y: 0, z: 0, w: 1}
  m_LocalPosition: {x: 0, y: 0, z: 0}
  m_LocalScale: {x: 1.0100001, y: 1.01, z: 1.0100001}
  m_Children: []
  m_Father: {fileID: 476540}
  m_RootOrder: 2
  m_LocalEulerAnglesHint: {x: 0, y: 0, z: 0}
--- !u!4 &453574
Transform:
  m_ObjectHideFlags: 1
  m_PrefabParentObject: {fileID: 0}
  m_PrefabInternal: {fileID: 100100000}
  m_GameObject: {fileID: 121078}
  m_LocalRotation: {x: 0, y: 0, z: 0, w: 1}
  m_LocalPosition: {x: 0, y: 0, z: 0}
  m_LocalScale: {x: 1, y: 1, z: 1}
  m_Children: []
  m_Father: {fileID: 471722}
  m_RootOrder: 0
  m_LocalEulerAnglesHint: {x: 0, y: 0, z: 0}
--- !u!4 &458882
Transform:
  m_ObjectHideFlags: 1
  m_PrefabParentObject: {fileID: 0}
  m_PrefabInternal: {fileID: 100100000}
  m_GameObject: {fileID: 135526}
  m_LocalRotation: {x: 0, y: 0, z: 0, w: 1}
  m_LocalPosition: {x: 0, y: 0, z: 0}
  m_LocalScale: {x: 1, y: 1, z: 1}
  m_Children:
  - {fileID: 422332}
  m_Father: {fileID: 402768}
  m_RootOrder: 1
  m_LocalEulerAnglesHint: {x: 0, y: 0, z: 0}
--- !u!4 &471232
Transform:
  m_ObjectHideFlags: 1
  m_PrefabParentObject: {fileID: 0}
  m_PrefabInternal: {fileID: 100100000}
  m_GameObject: {fileID: 133480}
  m_LocalRotation: {x: 0, y: 0, z: 0, w: 1}
  m_LocalPosition: {x: 0, y: 0, z: 0}
  m_LocalScale: {x: 1, y: 1, z: 1}
  m_Children: []
  m_Father: {fileID: 447954}
  m_RootOrder: 3
  m_LocalEulerAnglesHint: {x: 0, y: 0, z: 0}
--- !u!4 &471722
Transform:
  m_ObjectHideFlags: 1
  m_PrefabParentObject: {fileID: 0}
  m_PrefabInternal: {fileID: 100100000}
  m_GameObject: {fileID: 101548}
  m_LocalRotation: {x: 0, y: 0, z: 0, w: 1}
  m_LocalPosition: {x: 0, y: 0, z: 0}
  m_LocalScale: {x: 1, y: 1, z: 1}
  m_Children:
  - {fileID: 453574}
  m_Father: {fileID: 447954}
  m_RootOrder: 2
  m_LocalEulerAnglesHint: {x: 0, y: 0, z: 0}
--- !u!4 &472612
Transform:
  m_ObjectHideFlags: 1
  m_PrefabParentObject: {fileID: 0}
  m_PrefabInternal: {fileID: 100100000}
  m_GameObject: {fileID: 168724}
  m_LocalRotation: {x: -0, y: -0, z: -0, w: 1}
  m_LocalPosition: {x: 0, y: 0, z: 0}
  m_LocalScale: {x: 1, y: 1, z: 1}
  m_Children: []
  m_Father: {fileID: 494198}
  m_RootOrder: 5
  m_LocalEulerAnglesHint: {x: 0, y: 0, z: 0}
--- !u!4 &476076
Transform:
  m_ObjectHideFlags: 1
  m_PrefabParentObject: {fileID: 0}
  m_PrefabInternal: {fileID: 100100000}
  m_GameObject: {fileID: 191996}
  m_LocalRotation: {x: 0, y: 0, z: 0, w: 1}
  m_LocalPosition: {x: 0, y: 0, z: 0}
  m_LocalScale: {x: 1, y: 1, z: 1}
  m_Children: []
  m_Father: {fileID: 494198}
  m_RootOrder: 0
  m_LocalEulerAnglesHint: {x: 0, y: 0, z: 0}
--- !u!4 &476540
Transform:
  m_ObjectHideFlags: 1
  m_PrefabParentObject: {fileID: 0}
  m_PrefabInternal: {fileID: 100100000}
  m_GameObject: {fileID: 144230}
  m_LocalRotation: {x: 0, y: 0, z: 0, w: 1}
  m_LocalPosition: {x: -0.25, y: 1, z: 0}
  m_LocalScale: {x: 1, y: 1, z: 1}
  m_Children:
  - {fileID: 4000012325712216}
  - {fileID: 4000011474053580}
  - {fileID: 451882}
  - {fileID: 413580}
  - {fileID: 4783443870952182}
  m_Father: {fileID: 494198}
  m_RootOrder: 1
  m_LocalEulerAnglesHint: {x: 0, y: 0, z: 0}
--- !u!4 &480432
Transform:
  m_ObjectHideFlags: 1
  m_PrefabParentObject: {fileID: 0}
  m_PrefabInternal: {fileID: 100100000}
  m_GameObject: {fileID: 165334}
  m_LocalRotation: {x: -0, y: -0, z: -0, w: 1}
  m_LocalPosition: {x: -0.051999986, y: -0.015699983, z: -0.11630082}
  m_LocalScale: {x: 1, y: 1, z: 1}
  m_Children: []
  m_Father: {fileID: 485514}
  m_RootOrder: 0
  m_LocalEulerAnglesHint: {x: 0, y: 0, z: 0}
--- !u!4 &485514
Transform:
  m_ObjectHideFlags: 1
  m_PrefabParentObject: {fileID: 0}
  m_PrefabInternal: {fileID: 100100000}
  m_GameObject: {fileID: 160596}
  m_LocalRotation: {x: 0, y: 0, z: 0, w: 1}
  m_LocalPosition: {x: 0.25, y: 1, z: 0}
  m_LocalScale: {x: 1, y: 1, z: 1}
  m_Children:
  - {fileID: 480432}
  - {fileID: 490018}
  - {fileID: 495400}
  - {fileID: 446772}
  - {fileID: 4133583624055094}
  m_Father: {fileID: 494198}
  m_RootOrder: 2
  m_LocalEulerAnglesHint: {x: 0, y: 0, z: 0}
--- !u!4 &490018
Transform:
  m_ObjectHideFlags: 1
  m_PrefabParentObject: {fileID: 0}
  m_PrefabInternal: {fileID: 100100000}
  m_GameObject: {fileID: 100470}
  m_LocalRotation: {x: 0.32650563, y: 0.212631, z: -0.6272114, w: 0.67437977}
  m_LocalPosition: {x: -0.05199999, y: -0.0157, z: -0.11630082}
  m_LocalScale: {x: 1, y: 1, z: 1}
  m_Children: []
  m_Father: {fileID: 485514}
  m_RootOrder: 1
  m_LocalEulerAnglesHint: {x: 135, y: 170, z: 90}
--- !u!4 &494198
Transform:
  m_ObjectHideFlags: 1
  m_PrefabParentObject: {fileID: 0}
  m_PrefabInternal: {fileID: 100100000}
  m_GameObject: {fileID: 114188}
  m_LocalRotation: {x: 0, y: 0, z: 0, w: 1}
  m_LocalPosition: {x: 0, y: 0, z: 0}
  m_LocalScale: {x: 1, y: 1, z: 1}
  m_Children:
  - {fileID: 476076}
  - {fileID: 476540}
  - {fileID: 485514}
  - {fileID: 429506}
  - {fileID: 4000011699137176}
  - {fileID: 472612}
  m_Father: {fileID: 447954}
  m_RootOrder: 0
  m_LocalEulerAnglesHint: {x: 0, y: 0, z: 0}
--- !u!4 &495400
Transform:
  m_ObjectHideFlags: 1
  m_PrefabParentObject: {fileID: 0}
  m_PrefabInternal: {fileID: 100100000}
  m_GameObject: {fileID: 129006}
  m_LocalRotation: {x: 0, y: 0, z: 0, w: 1}
  m_LocalPosition: {x: 0, y: 0, z: 0}
  m_LocalScale: {x: 1.0099999, y: 1.01, z: 1.0099999}
  m_Children: []
  m_Father: {fileID: 485514}
  m_RootOrder: 2
  m_LocalEulerAnglesHint: {x: 0, y: 0, z: 0}
--- !u!4 &496744
Transform:
  m_ObjectHideFlags: 1
  m_PrefabParentObject: {fileID: 0}
  m_PrefabInternal: {fileID: 100100000}
  m_GameObject: {fileID: 110716}
  m_LocalRotation: {x: 0, y: 0, z: 0, w: 1}
  m_LocalPosition: {x: 0, y: 1.75, z: 0}
  m_LocalScale: {x: 1, y: 1, z: 1}
  m_Children: []
  m_Father: {fileID: 402768}
  m_RootOrder: 0
  m_LocalEulerAnglesHint: {x: 0, y: 0, z: 0}
--- !u!20 &2014920
Camera:
  m_ObjectHideFlags: 1
  m_PrefabParentObject: {fileID: 0}
  m_PrefabInternal: {fileID: 100100000}
  m_GameObject: {fileID: 125964}
  m_Enabled: 1
  serializedVersion: 2
  m_ClearFlags: 1
  m_BackGroundColor: {r: 0.028762981, g: 0.05902014, b: 0.1397059, a: 1}
  m_NormalizedViewPortRect:
    serializedVersion: 2
    x: 0
    y: 0
    width: 1
    height: 1
  near clip plane: 0.05
  far clip plane: 300
  field of view: 60
  orthographic: 0
  orthographic size: 5
  m_Depth: -1
  m_CullingMask:
    serializedVersion: 2
    m_Bits: 4160749567
  m_RenderingPath: 3
  m_TargetTexture: {fileID: 0}
  m_TargetDisplay: 0
  m_TargetEye: 3
  m_HDR: 0
  m_AllowMSAA: 0
  m_AllowDynamicResolution: 0
  m_ForceIntoRT: 0
  m_OcclusionCulling: 1
  m_StereoConvergence: 10
  m_StereoSeparation: 0.022
--- !u!20 &2083460
Camera:
  m_ObjectHideFlags: 1
  m_PrefabParentObject: {fileID: 0}
  m_PrefabInternal: {fileID: 100100000}
  m_GameObject: {fileID: 110716}
  m_Enabled: 1
  serializedVersion: 2
  m_ClearFlags: 1
  m_BackGroundColor: {r: 0.028762981, g: 0.05902014, b: 0.1397059, a: 1}
  m_NormalizedViewPortRect:
    serializedVersion: 2
    x: 0
    y: 0
    width: 1
    height: 1
  near clip plane: 0.05
  far clip plane: 300
  field of view: 60
  orthographic: 0
  orthographic size: 5
  m_Depth: -1
  m_CullingMask:
    serializedVersion: 2
    m_Bits: 4160749567
  m_RenderingPath: -1
  m_TargetTexture: {fileID: 0}
  m_TargetDisplay: 0
  m_TargetEye: 0
  m_HDR: 0
  m_AllowMSAA: 1
  m_AllowDynamicResolution: 0
  m_ForceIntoRT: 0
  m_OcclusionCulling: 1
  m_StereoConvergence: 10
  m_StereoSeparation: 0.022
--- !u!23 &2326430
MeshRenderer:
  m_ObjectHideFlags: 1
  m_PrefabParentObject: {fileID: 0}
  m_PrefabInternal: {fileID: 100100000}
  m_GameObject: {fileID: 107460}
  m_Enabled: 1
  m_CastShadows: 0
  m_ReceiveShadows: 0
  m_DynamicOccludee: 1
  m_MotionVectors: 1
  m_LightProbeUsage: 0
  m_ReflectionProbeUsage: 0
  m_Materials:
  - {fileID: 10754, guid: 0000000000000000f000000000000000, type: 0}
  m_StaticBatchInfo:
    firstSubMesh: 0
    subMeshCount: 0
  m_StaticBatchRoot: {fileID: 0}
  m_ProbeAnchor: {fileID: 0}
  m_LightProbeVolumeOverride: {fileID: 0}
  m_ScaleInLightmap: 1
  m_PreserveUVs: 0
  m_IgnoreNormalsForChartDetection: 0
  m_ImportantGI: 0
  m_StitchLightmapSeams: 0
  m_SelectedEditorRenderState: 3
  m_MinimumChartSize: 4
  m_AutoUVMaxDistance: 0.5
  m_AutoUVMaxAngle: 89
  m_LightmapParameters: {fileID: 0}
  m_SortingLayerID: 0
  m_SortingLayer: 0
  m_SortingOrder: 0
--- !u!23 &2353626
MeshRenderer:
  m_ObjectHideFlags: 1
  m_PrefabParentObject: {fileID: 0}
  m_PrefabInternal: {fileID: 100100000}
  m_GameObject: {fileID: 109154}
  m_Enabled: 1
  m_CastShadows: 1
  m_ReceiveShadows: 1
  m_DynamicOccludee: 1
  m_MotionVectors: 1
  m_LightProbeUsage: 1
  m_ReflectionProbeUsage: 1
  m_Materials:
  - {fileID: 2100000, guid: 9e995e61de69d8647ae2b2d65eceab3f, type: 2}
  m_StaticBatchInfo:
    firstSubMesh: 0
    subMeshCount: 0
  m_StaticBatchRoot: {fileID: 0}
  m_ProbeAnchor: {fileID: 0}
  m_LightProbeVolumeOverride: {fileID: 0}
  m_ScaleInLightmap: 1
  m_PreserveUVs: 1
  m_IgnoreNormalsForChartDetection: 0
  m_ImportantGI: 0
  m_StitchLightmapSeams: 0
  m_SelectedEditorRenderState: 3
  m_MinimumChartSize: 4
  m_AutoUVMaxDistance: 0.5
  m_AutoUVMaxAngle: 89
  m_LightmapParameters: {fileID: 0}
  m_SortingLayerID: 0
  m_SortingLayer: 0
  m_SortingOrder: 0
--- !u!33 &3368578
MeshFilter:
  m_ObjectHideFlags: 1
  m_PrefabParentObject: {fileID: 0}
  m_PrefabInternal: {fileID: 100100000}
  m_GameObject: {fileID: 109154}
  m_Mesh: {fileID: 10207, guid: 0000000000000000e000000000000000, type: 0}
--- !u!33 &3390842
MeshFilter:
  m_ObjectHideFlags: 1
  m_PrefabParentObject: {fileID: 0}
  m_PrefabInternal: {fileID: 100100000}
  m_GameObject: {fileID: 107460}
  m_Mesh: {fileID: 0}
--- !u!54 &5452286
Rigidbody:
  m_ObjectHideFlags: 1
  m_PrefabParentObject: {fileID: 0}
  m_PrefabInternal: {fileID: 100100000}
  m_GameObject: {fileID: 121078}
  serializedVersion: 2
  m_Mass: 1
  m_Drag: 0
  m_AngularDrag: 0
  m_UseGravity: 0
  m_IsKinematic: 1
  m_Interpolate: 0
  m_Constraints: 0
  m_CollisionDetection: 0
--- !u!54 &5475726
Rigidbody:
  m_ObjectHideFlags: 1
  m_PrefabParentObject: {fileID: 0}
  m_PrefabInternal: {fileID: 100100000}
  m_GameObject: {fileID: 191996}
  serializedVersion: 2
  m_Mass: 1
  m_Drag: 0
  m_AngularDrag: 0
  m_UseGravity: 0
  m_IsKinematic: 1
  m_Interpolate: 0
  m_Constraints: 0
  m_CollisionDetection: 0
--- !u!54 &5492098
Rigidbody:
  m_ObjectHideFlags: 1
  m_PrefabParentObject: {fileID: 0}
  m_PrefabInternal: {fileID: 100100000}
  m_GameObject: {fileID: 135526}
  serializedVersion: 2
  m_Mass: 1
  m_Drag: 0
  m_AngularDrag: 0
  m_UseGravity: 0
  m_IsKinematic: 1
  m_Interpolate: 0
  m_Constraints: 0
  m_CollisionDetection: 0
--- !u!81 &8194540
AudioListener:
  m_ObjectHideFlags: 1
  m_PrefabParentObject: {fileID: 0}
  m_PrefabInternal: {fileID: 100100000}
  m_GameObject: {fileID: 101548}
  m_Enabled: 1
--- !u!92 &9215702
Behaviour:
  m_ObjectHideFlags: 1
  m_PrefabParentObject: {fileID: 0}
  m_PrefabInternal: {fileID: 100100000}
  m_GameObject: {fileID: 125964}
  m_Enabled: 1
--- !u!114 &11401046
MonoBehaviour:
  m_ObjectHideFlags: 1
  m_PrefabParentObject: {fileID: 0}
  m_PrefabInternal: {fileID: 100100000}
  m_GameObject: {fileID: 160596}
  m_Enabled: 1
  m_EditorHideFlags: 0
  m_Script: {fileID: 11500000, guid: 29e3e4511966ba94d8ba0b98c6c62f82, type: 3}
  m_Name: 
  m_EditorClassIdentifier: 
  otherHand: {fileID: 11450312}
  handType: 2
  trackedObject: {fileID: 0}
  grabPinchAction: {fileID: 11400000, guid: 0eb6484a686dc5f46b98776c5b751645, type: 2}
  grabGripAction: {fileID: 11400000, guid: 2418507abc4a0bb4d813287d61ce7136, type: 2}
  hapticAction: {fileID: 11400000, guid: 0830c1cba115cdd478967f3f3463087f, type: 2}
  uiInteractAction: {fileID: 11400000, guid: 61a2d6314ffe44e448b253cedd24d569, type: 2}
  useHoverSphere: 1
  hoverSphereTransform: {fileID: 480432}
  hoverSphereRadius: 0.075
  hoverLayerMask:
    serializedVersion: 2
    m_Bits: 4294967295
  hoverUpdateInterval: 0.1
  useControllerHoverComponent: 1
  controllerHoverComponent: tip
  controllerHoverRadius: 0.15
  useFingerJointHover: 1
  fingerJointHover: 10
  fingerJointHoverRadius: 0.05
  objectAttachmentPoint: {fileID: 490018}
  noSteamVRFallbackCamera: {fileID: 0}
  noSteamVRFallbackMaxDistanceNoItem: 10
  noSteamVRFallbackMaxDistanceWithItem: 0.5
  renderModelPrefab: {fileID: 1000012617731570, guid: 837f93beb9a614743ae3a2c0ada7c388,
    type: 2}
  showDebugText: 0
  spewDebugText: 0
  showDebugInteractables: 0
--- !u!114 &11405908
MonoBehaviour:
  m_ObjectHideFlags: 1
  m_PrefabParentObject: {fileID: 0}
  m_PrefabInternal: {fileID: 100100000}
  m_GameObject: {fileID: 129006}
  m_Enabled: 1
  m_EditorHideFlags: 0
  m_Script: {fileID: 11500000, guid: 8ca2cc563cc33f542a5d9f8f661184ba, type: 3}
  m_Name: 
  m_EditorClassIdentifier: 
  highLightMaterial: {fileID: 2100000, guid: 7b939e5e799d98a469f594828ebab52e, type: 2}
  fireHapticsOnHightlight: 1
--- !u!114 &11450312
MonoBehaviour:
  m_ObjectHideFlags: 1
  m_PrefabParentObject: {fileID: 0}
  m_PrefabInternal: {fileID: 100100000}
  m_GameObject: {fileID: 144230}
  m_Enabled: 1
  m_EditorHideFlags: 0
  m_Script: {fileID: 11500000, guid: 29e3e4511966ba94d8ba0b98c6c62f82, type: 3}
  m_Name: 
  m_EditorClassIdentifier: 
  otherHand: {fileID: 11401046}
  handType: 1
  trackedObject: {fileID: 0}
  grabPinchAction: {fileID: 11400000, guid: 0eb6484a686dc5f46b98776c5b751645, type: 2}
  grabGripAction: {fileID: 11400000, guid: 2418507abc4a0bb4d813287d61ce7136, type: 2}
  hapticAction: {fileID: 11400000, guid: 0830c1cba115cdd478967f3f3463087f, type: 2}
  uiInteractAction: {fileID: 11400000, guid: 61a2d6314ffe44e448b253cedd24d569, type: 2}
  useHoverSphere: 1
  hoverSphereTransform: {fileID: 4000012325712216}
  hoverSphereRadius: 0.075
  hoverLayerMask:
    serializedVersion: 2
    m_Bits: 4294967295
  hoverUpdateInterval: 0.1
  useControllerHoverComponent: 1
  controllerHoverComponent: tip
  controllerHoverRadius: 0.15
  useFingerJointHover: 1
  fingerJointHover: 10
  fingerJointHoverRadius: 0.05
  objectAttachmentPoint: {fileID: 4000011474053580}
  noSteamVRFallbackCamera: {fileID: 0}
  noSteamVRFallbackMaxDistanceNoItem: 10
  noSteamVRFallbackMaxDistanceWithItem: 0.5
  renderModelPrefab: {fileID: 1000011547835092, guid: d5082f7d9f947374197e0a97786f4e40,
    type: 2}
  showDebugText: 0
  spewDebugText: 0
  showDebugInteractables: 0
--- !u!114 &11450526
MonoBehaviour:
  m_ObjectHideFlags: 1
  m_PrefabParentObject: {fileID: 0}
  m_PrefabInternal: {fileID: 100100000}
  m_GameObject: {fileID: 125964}
  m_Enabled: 1
  m_EditorHideFlags: 0
  m_Script: {fileID: 11500000, guid: 2ad1e469d4e3e04489f9a36419f1a4f8, type: 3}
  m_Name: 
  m_EditorClassIdentifier: 
--- !u!114 &11451472
MonoBehaviour:
  m_ObjectHideFlags: 1
  m_PrefabParentObject: {fileID: 0}
  m_PrefabInternal: {fileID: 100100000}
  m_GameObject: {fileID: 107460}
  m_Enabled: 0
  m_EditorHideFlags: 0
  m_Script: {fileID: 11500000, guid: 1f0522eaef74d984591c060d05a095c8, type: 3}
  m_Name: 
  m_EditorClassIdentifier: 
  borderThickness: -0.07
  wireframeHeight: 2
  drawWireframeWhenSelectedOnly: 0
  drawInGame: 1
  size: 0
  color: {r: 0, g: 1, b: 1, a: 0.922}
  vertices:
  - {x: 1.0000002, y: 0.01, z: -1.0000002}
  - {x: -1.0000002, y: 0.01, z: -1.0000002}
  - {x: -1.0000002, y: 0.01, z: 1.0000002}
  - {x: 1.0000002, y: 0.01, z: 1.0000002}
  - {x: 0.93000025, y: 0.01, z: -0.93000025}
  - {x: -0.93000025, y: 0.01, z: -0.93000025}
  - {x: -0.93000025, y: 0.01, z: 0.93000025}
  - {x: 0.93000025, y: 0.01, z: 0.93000025}
--- !u!114 &11461284
MonoBehaviour:
  m_ObjectHideFlags: 1
  m_PrefabParentObject: {fileID: 0}
  m_PrefabInternal: {fileID: 100100000}
  m_GameObject: {fileID: 167242}
  m_Enabled: 1
  m_EditorHideFlags: 0
  m_Script: {fileID: 11500000, guid: 8ca2cc563cc33f542a5d9f8f661184ba, type: 3}
  m_Name: 
  m_EditorClassIdentifier: 
  highLightMaterial: {fileID: 2100000, guid: 7b939e5e799d98a469f594828ebab52e, type: 2}
  fireHapticsOnHightlight: 1
--- !u!114 &11461462
MonoBehaviour:
  m_ObjectHideFlags: 1
  m_PrefabParentObject: {fileID: 0}
  m_PrefabInternal: {fileID: 100100000}
  m_GameObject: {fileID: 133480}
  m_Enabled: 1
  m_EditorHideFlags: 0
  m_Script: {fileID: -619905303, guid: f5f67c52d1564df4a8936ccd202a3bd8, type: 3}
  m_Name: 
  m_EditorClassIdentifier: 
  m_FirstSelected: {fileID: 0}
  m_sendNavigationEvents: 0
  m_DragThreshold: 0
--- !u!114 &11464692
MonoBehaviour:
  m_ObjectHideFlags: 1
  m_PrefabParentObject: {fileID: 0}
  m_PrefabInternal: {fileID: 100100000}
  m_GameObject: {fileID: 133480}
  m_Enabled: 1
  m_EditorHideFlags: 0
  m_Script: {fileID: 11500000, guid: c9e05292e0d62b542ac5bba92674a86d, type: 3}
  m_Name: 
  m_EditorClassIdentifier: 
--- !u!114 &11476190
MonoBehaviour:
  m_ObjectHideFlags: 1
  m_PrefabParentObject: {fileID: 0}
  m_PrefabInternal: {fileID: 100100000}
  m_GameObject: {fileID: 110716}
  m_Enabled: 1
  m_EditorHideFlags: 0
  m_Script: {fileID: 11500000, guid: 6043f3be9a21bd74281f9770463bea00, type: 3}
  m_Name: 
  m_EditorClassIdentifier: 
  speed: 4
  shiftSpeed: 16
  showInstructions: 1
--- !u!114 &11479638
MonoBehaviour:
  m_ObjectHideFlags: 1
  m_PrefabParentObject: {fileID: 0}
  m_PrefabInternal: {fileID: 100100000}
  m_GameObject: {fileID: 168724}
  m_Enabled: 1
  m_EditorHideFlags: 0
  m_Script: {fileID: 11500000, guid: e979227f3384fac4b8ca0b3550bf005c, type: 3}
  m_Name: 
  m_EditorClassIdentifier: 
  externalCamera: {fileID: 0}
  externalCameraConfigPath: externalcamera.cfg
--- !u!114 &11489144
MonoBehaviour:
  m_ObjectHideFlags: 1
  m_PrefabParentObject: {fileID: 0}
  m_PrefabInternal: {fileID: 100100000}
  m_GameObject: {fileID: 171246}
  m_Enabled: 1
  m_EditorHideFlags: 0
  m_Script: {fileID: 11500000, guid: ea1001a6626353541ab4d4b39f4c3569, type: 3}
  m_Name: 
  m_EditorClassIdentifier: 
  controllerMaterial: {fileID: 2100000, guid: 11b050e661ec0cf48a289a7266451e91, type: 2}
  flashColor: {r: 1, g: 0.9170069, b: 0.453, a: 0.709}
  textHintPrefab: {fileID: 140952, guid: 5fa42bb9e52706a42b8a1eaf0b54326a, type: 2}
  hapticFlash: {fileID: 11400000, guid: 0830c1cba115cdd478967f3f3463087f, type: 2}
  debugHints: 0
--- !u!114 &11494192
MonoBehaviour:
  m_ObjectHideFlags: 1
  m_PrefabParentObject: {fileID: 0}
  m_PrefabInternal: {fileID: 100100000}
  m_GameObject: {fileID: 177230}
  m_Enabled: 1
  m_EditorHideFlags: 0
  m_Script: {fileID: 11500000, guid: ea1001a6626353541ab4d4b39f4c3569, type: 3}
  m_Name: 
  m_EditorClassIdentifier: 
  controllerMaterial: {fileID: 2100000, guid: 11b050e661ec0cf48a289a7266451e91, type: 2}
  flashColor: {r: 1, g: 0.9170069, b: 0.453, a: 0.709}
  textHintPrefab: {fileID: 140952, guid: 5fa42bb9e52706a42b8a1eaf0b54326a, type: 2}
  hapticFlash: {fileID: 11400000, guid: 0830c1cba115cdd478967f3f3463087f, type: 2}
  debugHints: 0
--- !u!114 &11497470
MonoBehaviour:
  m_ObjectHideFlags: 1
  m_PrefabParentObject: {fileID: 0}
  m_PrefabInternal: {fileID: 100100000}
  m_GameObject: {fileID: 135526}
  m_Enabled: 1
  m_EditorHideFlags: 0
  m_Script: {fileID: 11500000, guid: 29e3e4511966ba94d8ba0b98c6c62f82, type: 3}
  m_Name: 
  m_EditorClassIdentifier: 
  otherHand: {fileID: 0}
  handType: 0
  trackedObject: {fileID: 0}
  grabPinchAction: {fileID: 11400000, guid: 0eb6484a686dc5f46b98776c5b751645, type: 2}
  grabGripAction: {fileID: 11400000, guid: 2418507abc4a0bb4d813287d61ce7136, type: 2}
  hapticAction: {fileID: 11400000, guid: 0830c1cba115cdd478967f3f3463087f, type: 2}
  uiInteractAction: {fileID: 11400000, guid: 61a2d6314ffe44e448b253cedd24d569, type: 2}
  useHoverSphere: 1
  hoverSphereTransform: {fileID: 0}
  hoverSphereRadius: 0.05
  hoverLayerMask:
    serializedVersion: 2
    m_Bits: 4294967295
  hoverUpdateInterval: 0.1
  useControllerHoverComponent: 1
  controllerHoverComponent: tip
  controllerHoverRadius: 0.05
  useFingerJointHover: 1
  fingerJointHover: 10
  fingerJointHoverRadius: 0.05
  objectAttachmentPoint: {fileID: 0}
  noSteamVRFallbackCamera: {fileID: 2083460}
  noSteamVRFallbackMaxDistanceNoItem: 10
  noSteamVRFallbackMaxDistanceWithItem: 0.5
  renderModelPrefab: {fileID: 0}
  showDebugText: 0
  spewDebugText: 0
  showDebugInteractables: 0
--- !u!124 &12440092
Behaviour:
  m_ObjectHideFlags: 1
  m_PrefabParentObject: {fileID: 0}
  m_PrefabInternal: {fileID: 100100000}
  m_GameObject: {fileID: 125964}
  m_Enabled: 1
--- !u!1001 &100100000
Prefab:
  m_ObjectHideFlags: 1
  serializedVersion: 2
  m_Modification:
    m_TransformParent: {fileID: 0}
    m_Modifications:
    - target: {fileID: 0}
      propertyPath: m_LocalRotation.y
      value: 0
      objectReference: {fileID: 0}
    - target: {fileID: 0}
      propertyPath: m_LocalRotation.w
      value: 1
      objectReference: {fileID: 0}
    - target: {fileID: 0}
      propertyPath: m_LocalPosition.x
      value: 0
      objectReference: {fileID: 0}
    - target: {fileID: 0}
      propertyPath: m_LocalPosition.y
      value: 0
      objectReference: {fileID: 0}
    - target: {fileID: 0}
      propertyPath: m_LocalPosition.z
      value: 0
      objectReference: {fileID: 0}
    m_RemovedComponents: []
  m_ParentPrefab: {fileID: 0}
  m_RootGameObject: {fileID: 107946}
  m_IsPrefabParent: 1
--- !u!1 &1000011498581176
GameObject:
  m_ObjectHideFlags: 0
  m_PrefabParentObject: {fileID: 0}
  m_PrefabInternal: {fileID: 100100000}
  serializedVersion: 5
  m_Component:
  - component: {fileID: 4000012025983752}
  - component: {fileID: 114000013709408034}
  m_Layer: 0
  m_Name: DebugUI
  m_TagString: Untagged
  m_Icon: {fileID: 0}
  m_NavMeshLayer: 0
  m_StaticEditorFlags: 0
  m_IsActive: 1
--- !u!1 &1000013281422588
GameObject:
  m_ObjectHideFlags: 1
  m_PrefabParentObject: {fileID: 0}
  m_PrefabInternal: {fileID: 100100000}
  serializedVersion: 5
  m_Component:
  - component: {fileID: 4000011699137176}
  - component: {fileID: 114000010777378212}
  m_Layer: 8
  m_Name: Overlay
  m_TagString: Untagged
  m_Icon: {fileID: 0}
  m_NavMeshLayer: 0
  m_StaticEditorFlags: 0
  m_IsActive: 0
--- !u!1 &1000013428287994
GameObject:
  m_ObjectHideFlags: 1
  m_PrefabParentObject: {fileID: 0}
  m_PrefabInternal: {fileID: 100100000}
  serializedVersion: 5
  m_Component:
  - component: {fileID: 4000012325712216}
  m_Layer: 26
  m_Name: HoverPoint
  m_TagString: Untagged
  m_Icon: {fileID: 0}
  m_NavMeshLayer: 0
  m_StaticEditorFlags: 0
  m_IsActive: 1
--- !u!1 &1000014277073068
GameObject:
  m_ObjectHideFlags: 1
  m_PrefabParentObject: {fileID: 0}
  m_PrefabInternal: {fileID: 100100000}
  serializedVersion: 5
  m_Component:
  - component: {fileID: 4000011474053580}
  m_Layer: 26
  m_Name: ObjectAttachmentPoint
  m_TagString: Untagged
  m_Icon: {fileID: 0}
  m_NavMeshLayer: 0
  m_StaticEditorFlags: 0
  m_IsActive: 1
--- !u!1 &1615613145055950
GameObject:
  m_ObjectHideFlags: 1
  m_PrefabParentObject: {fileID: 0}
  m_PrefabInternal: {fileID: 100100000}
  serializedVersion: 5
  m_Component:
  - component: {fileID: 4783443870952182}
  - component: {fileID: 114930033036242884}
  - component: {fileID: 120060821961110420}
  m_Layer: 0
  m_Name: Laser
  m_TagString: Untagged
  m_Icon: {fileID: 0}
  m_NavMeshLayer: 0
  m_StaticEditorFlags: 0
  m_IsActive: 1
--- !u!1 &1872059842282038
GameObject:
  m_ObjectHideFlags: 1
  m_PrefabParentObject: {fileID: 0}
  m_PrefabInternal: {fileID: 100100000}
  serializedVersion: 5
  m_Component:
  - component: {fileID: 4133583624055094}
  - component: {fileID: 114264410855543088}
  - component: {fileID: 120036634801406616}
  m_Layer: 0
  m_Name: Laser
  m_TagString: Untagged
  m_Icon: {fileID: 0}
  m_NavMeshLayer: 0
  m_StaticEditorFlags: 0
  m_IsActive: 1
--- !u!1 &1877826410160670
GameObject:
  m_ObjectHideFlags: 1
  m_PrefabParentObject: {fileID: 0}
  m_PrefabInternal: {fileID: 100100000}
  serializedVersion: 5
  m_Component:
  - component: {fileID: 4680841501988372}
  - component: {fileID: 20795861487996690}
  m_Layer: 0
  m_Name: Outline Camera
  m_TagString: Untagged
  m_Icon: {fileID: 0}
  m_NavMeshLayer: 0
  m_StaticEditorFlags: 0
  m_IsActive: 1
--- !u!4 &4000011474053580
Transform:
  m_ObjectHideFlags: 1
  m_PrefabParentObject: {fileID: 0}
  m_PrefabInternal: {fileID: 100100000}
  m_GameObject: {fileID: 1000014277073068}
  m_LocalRotation: {x: 0.32650566, y: -0.21263102, z: 0.6272114, w: 0.67437977}
  m_LocalPosition: {x: 0.051999986, y: -0.0157, z: -0.11630082}
  m_LocalScale: {x: 1, y: 1, z: 1}
  m_Children: []
  m_Father: {fileID: 476540}
  m_RootOrder: 1
  m_LocalEulerAnglesHint: {x: 135, y: -170, z: -90}
--- !u!4 &4000011699137176
Transform:
  m_ObjectHideFlags: 1
  m_PrefabParentObject: {fileID: 0}
  m_PrefabInternal: {fileID: 100100000}
  m_GameObject: {fileID: 1000013281422588}
  m_LocalRotation: {x: -0, y: -0, z: -0, w: 1}
  m_LocalPosition: {x: 0, y: 0, z: 0}
  m_LocalScale: {x: 1, y: 1, z: 1}
  m_Children: []
  m_Father: {fileID: 494198}
  m_RootOrder: 4
  m_LocalEulerAnglesHint: {x: 0, y: 0, z: 0}
--- !u!4 &4000012025983752
Transform:
  m_ObjectHideFlags: 1
  m_PrefabParentObject: {fileID: 0}
  m_PrefabInternal: {fileID: 100100000}
  m_GameObject: {fileID: 1000011498581176}
  m_LocalRotation: {x: 0, y: 0, z: 0, w: 1}
  m_LocalPosition: {x: 0, y: 0, z: 0}
  m_LocalScale: {x: 1, y: 1, z: 1}
  m_Children: []
  m_Father: {fileID: 447954}
  m_RootOrder: 5
  m_LocalEulerAnglesHint: {x: 0, y: 0, z: 0}
--- !u!4 &4000012325712216
Transform:
  m_ObjectHideFlags: 1
  m_PrefabParentObject: {fileID: 0}
  m_PrefabInternal: {fileID: 100100000}
  m_GameObject: {fileID: 1000013428287994}
  m_LocalRotation: {x: -0, y: -0, z: -0, w: 1}
  m_LocalPosition: {x: 0.051999986, y: -0.015699983, z: -0.11630082}
  m_LocalScale: {x: 1, y: 1, z: 1}
  m_Children: []
  m_Father: {fileID: 476540}
  m_RootOrder: 0
  m_LocalEulerAnglesHint: {x: 0, y: 0, z: 0}
--- !u!4 &4133583624055094
Transform:
  m_ObjectHideFlags: 1
  m_PrefabParentObject: {fileID: 0}
  m_PrefabInternal: {fileID: 100100000}
  m_GameObject: {fileID: 1872059842282038}
  m_LocalRotation: {x: 0.2164396, y: 0, z: 0, w: 0.97629607}
  m_LocalPosition: {x: -0.0032, y: -0.0622, z: 0.0431}
  m_LocalScale: {x: 1, y: 1, z: 1}
  m_Children: []
  m_Father: {fileID: 485514}
  m_RootOrder: 4
  m_LocalEulerAnglesHint: {x: 25, y: 0, z: 0}
--- !u!4 &4680841501988372
Transform:
  m_ObjectHideFlags: 1
  m_PrefabParentObject: {fileID: 0}
  m_PrefabInternal: {fileID: 100100000}
  m_GameObject: {fileID: 1877826410160670}
  m_LocalRotation: {x: -0, y: -0, z: -0, w: 1}
  m_LocalPosition: {x: 0, y: 0, z: 0}
  m_LocalScale: {x: 1, y: 1, z: 1}
  m_Children: []
  m_Father: {fileID: 429506}
  m_RootOrder: 0
  m_LocalEulerAnglesHint: {x: 0, y: 0, z: 0}
--- !u!4 &4783443870952182
Transform:
  m_ObjectHideFlags: 1
  m_PrefabParentObject: {fileID: 0}
  m_PrefabInternal: {fileID: 100100000}
  m_GameObject: {fileID: 1615613145055950}
  m_LocalRotation: {x: 0.2164396, y: -0, z: -0, w: 0.97629607}
  m_LocalPosition: {x: -0, y: -0.062, z: 0.043}
  m_LocalScale: {x: 1, y: 1, z: 1}
  m_Children: []
  m_Father: {fileID: 476540}
  m_RootOrder: 4
  m_LocalEulerAnglesHint: {x: 25, y: 0, z: 0}
--- !u!20 &20795861487996690
Camera:
  m_ObjectHideFlags: 1
  m_PrefabParentObject: {fileID: 0}
  m_PrefabInternal: {fileID: 100100000}
  m_GameObject: {fileID: 1877826410160670}
  m_Enabled: 0
  serializedVersion: 2
  m_ClearFlags: 2
  m_BackGroundColor: {r: 0, g: 0, b: 0, a: 0}
  m_NormalizedViewPortRect:
    serializedVersion: 2
    x: 0
    y: 0
    width: 1
    height: 1
  near clip plane: 0.05
  far clip plane: 300
  field of view: 60
  orthographic: 0
  orthographic size: 5
  m_Depth: -1
  m_CullingMask:
    serializedVersion: 2
    m_Bits: 0
  m_RenderingPath: 1
  m_TargetTexture: {fileID: 0}
  m_TargetDisplay: 0
  m_TargetEye: 3
  m_HDR: 0
  m_AllowMSAA: 0
  m_AllowDynamicResolution: 0
  m_ForceIntoRT: 0
  m_OcclusionCulling: 1
  m_StereoConvergence: 10
  m_StereoSeparation: 0.022
--- !u!82 &82179651313906698
AudioSource:
  m_ObjectHideFlags: 1
  m_PrefabParentObject: {fileID: 0}
  m_PrefabInternal: {fileID: 100100000}
  m_GameObject: {fileID: 125964}
  m_Enabled: 0
  serializedVersion: 4
  OutputAudioMixerGroup: {fileID: 0}
  m_audioClip: {fileID: 8300000, guid: 5224eed421c79cd45b4224c98712b791, type: 3}
  m_PlayOnAwake: 1
  m_Volume: 0.152
  m_Pitch: 1
  Loop: 1
  Mute: 0
  Spatialize: 0
  SpatializePostEffects: 0
  Priority: 220
  DopplerLevel: 1
  MinDistance: 1
  MaxDistance: 500
  Pan2D: 0
  rolloffMode: 0
  BypassEffects: 0
  BypassListenerEffects: 0
  BypassReverbZones: 0
  rolloffCustomCurve:
    serializedVersion: 2
    m_Curve:
    - serializedVersion: 2
      time: 0
      value: 1
      inSlope: 0
      outSlope: 0
      tangentMode: 0
    - serializedVersion: 2
      time: 1
      value: 0
      inSlope: 0
      outSlope: 0
      tangentMode: 0
    m_PreInfinity: 2
    m_PostInfinity: 2
    m_RotationOrder: 4
  panLevelCustomCurve:
    serializedVersion: 2
    m_Curve:
    - serializedVersion: 2
      time: 0
      value: 0
      inSlope: 0
      outSlope: 0
      tangentMode: 0
    m_PreInfinity: 2
    m_PostInfinity: 2
    m_RotationOrder: 0
  spreadCustomCurve:
    serializedVersion: 2
    m_Curve:
    - serializedVersion: 2
      time: 0
      value: 0
      inSlope: 0
      outSlope: 0
      tangentMode: 0
    m_PreInfinity: 2
    m_PostInfinity: 2
    m_RotationOrder: 0
  reverbZoneMixCustomCurve:
    serializedVersion: 2
    m_Curve:
    - serializedVersion: 2
      time: 0
      value: 1
      inSlope: 0
      outSlope: 0
      tangentMode: 0
    m_PreInfinity: 2
    m_PostInfinity: 2
    m_RotationOrder: 0
--- !u!82 &82296730418005808
AudioSource:
  m_ObjectHideFlags: 1
  m_PrefabParentObject: {fileID: 0}
  m_PrefabInternal: {fileID: 100100000}
  m_GameObject: {fileID: 107946}
  m_Enabled: 1
  serializedVersion: 4
  OutputAudioMixerGroup: {fileID: 0}
  m_audioClip: {fileID: 0}
  m_PlayOnAwake: 0
  m_Volume: 1
  m_Pitch: 1
  Loop: 0
  Mute: 0
  Spatialize: 0
  SpatializePostEffects: 0
  Priority: 128
  DopplerLevel: 1
  MinDistance: 1
  MaxDistance: 500
  Pan2D: 0
  rolloffMode: 0
  BypassEffects: 0
  BypassListenerEffects: 0
  BypassReverbZones: 0
  rolloffCustomCurve:
    serializedVersion: 2
    m_Curve:
    - serializedVersion: 2
      time: 0
      value: 1
      inSlope: 0
      outSlope: 0
      tangentMode: 0
    - serializedVersion: 2
      time: 1
      value: 0
      inSlope: 0
      outSlope: 0
      tangentMode: 0
    m_PreInfinity: 2
    m_PostInfinity: 2
    m_RotationOrder: 4
  panLevelCustomCurve:
    serializedVersion: 2
    m_Curve:
    - serializedVersion: 2
      time: 0
      value: 0
      inSlope: 0
      outSlope: 0
      tangentMode: 0
    m_PreInfinity: 2
    m_PostInfinity: 2
    m_RotationOrder: 0
  spreadCustomCurve:
    serializedVersion: 2
    m_Curve:
    - serializedVersion: 2
      time: 0
      value: 0
      inSlope: 0
      outSlope: 0
      tangentMode: 0
    m_PreInfinity: 2
    m_PostInfinity: 2
    m_RotationOrder: 0
  reverbZoneMixCustomCurve:
    serializedVersion: 2
    m_Curve:
    - serializedVersion: 2
      time: 0
      value: 1
      inSlope: 0
      outSlope: 0
      tangentMode: 0
    m_PreInfinity: 2
    m_PostInfinity: 2
    m_RotationOrder: 0
--- !u!114 &114000010474703086
MonoBehaviour:
  m_ObjectHideFlags: 1
  m_PrefabParentObject: {fileID: 0}
  m_PrefabInternal: {fileID: 100100000}
  m_GameObject: {fileID: 168724}
  m_Enabled: 1
  m_EditorHideFlags: 0
  m_Script: {fileID: 11500000, guid: 27991c206a5e66147bb8ee3ef31c8bac, type: 3}
  m_Name: 
  m_EditorClassIdentifier: 
  actionSet: {fileID: 0}
  disableAllOtherActionSets: 0
  activateOnStart: 1
  deactivateOnDestroy: 1
--- !u!114 &114000010777378212
MonoBehaviour:
  m_ObjectHideFlags: 1
  m_PrefabParentObject: {fileID: 0}
  m_PrefabInternal: {fileID: 100100000}
  m_GameObject: {fileID: 1000013281422588}
  m_Enabled: 1
  m_EditorHideFlags: 0
  m_Script: {fileID: 11500000, guid: 46fe9e0b23166454c8cb73040321d78c, type: 3}
  m_Name: 
  m_EditorClassIdentifier: 
  texture: {fileID: 8400000, guid: 005ed5a6df2f5ff468efd6497d37fefa, type: 2}
  curved: 1
  antialias: 1
  highquality: 1
  scale: 3
  distance: 1.25
  alpha: 1
  uvOffset: {x: 0, y: 0, z: 1, w: 1}
  mouseScale: {x: 1, y: 1}
  curvedRange: {x: 1, y: 2}
  inputMethod: 0
--- !u!114 &114000011273627542
MonoBehaviour:
  m_ObjectHideFlags: 1
  m_PrefabParentObject: {fileID: 0}
  m_PrefabInternal: {fileID: 100100000}
  m_GameObject: {fileID: 144230}
  m_Enabled: 1
  m_EditorHideFlags: 0
  m_Script: {fileID: 11500000, guid: 9a5fb0ca93b55ef4b8d54b512b103341, type: 3}
  m_Name: 
  m_EditorClassIdentifier: 
  poseAction: {fileID: 11400000, guid: 6e7dbdf9fb3e7de4ca273b7ac4cb47c1, type: 2}
  inputSource: 1
  origin: {fileID: 0}
  onTransformUpdated:
    m_PersistentCalls:
      m_Calls: []
    m_TypeName: Valve.VR.SteamVR_Behaviour_PoseEvent, Assembly-CSharp, Version=0.0.0.0,
      Culture=neutral, PublicKeyToken=null
  onTransformChanged:
    m_PersistentCalls:
      m_Calls: []
    m_TypeName: Valve.VR.SteamVR_Behaviour_PoseEvent, Assembly-CSharp, Version=0.0.0.0,
      Culture=neutral, PublicKeyToken=null
  onConnectedChanged:
    m_PersistentCalls:
      m_Calls: []
    m_TypeName: Valve.VR.SteamVR_Behaviour_PoseEvent, Assembly-CSharp, Version=0.0.0.0,
      Culture=neutral, PublicKeyToken=null
  onTrackingChanged:
    m_PersistentCalls:
      m_Calls: []
    m_TypeName: Valve.VR.SteamVR_Behaviour_PoseEvent, Assembly-CSharp, Version=0.0.0.0,
      Culture=neutral, PublicKeyToken=null
--- !u!114 &114000011957598740
MonoBehaviour:
  m_ObjectHideFlags: 1
  m_PrefabParentObject: {fileID: 0}
  m_PrefabInternal: {fileID: 100100000}
  m_GameObject: {fileID: 160596}
  m_Enabled: 1
  m_EditorHideFlags: 0
  m_Script: {fileID: 11500000, guid: 9a5fb0ca93b55ef4b8d54b512b103341, type: 3}
  m_Name: 
  m_EditorClassIdentifier: 
  poseAction: {fileID: 11400000, guid: 6e7dbdf9fb3e7de4ca273b7ac4cb47c1, type: 2}
  inputSource: 2
  origin: {fileID: 0}
  onTransformUpdated:
    m_PersistentCalls:
      m_Calls: []
    m_TypeName: Valve.VR.SteamVR_Behaviour_PoseEvent, Assembly-CSharp, Version=0.0.0.0,
      Culture=neutral, PublicKeyToken=null
  onTransformChanged:
    m_PersistentCalls:
      m_Calls: []
    m_TypeName: Valve.VR.SteamVR_Behaviour_PoseEvent, Assembly-CSharp, Version=0.0.0.0,
      Culture=neutral, PublicKeyToken=null
  onConnectedChanged:
    m_PersistentCalls:
      m_Calls: []
    m_TypeName: Valve.VR.SteamVR_Behaviour_PoseEvent, Assembly-CSharp, Version=0.0.0.0,
      Culture=neutral, PublicKeyToken=null
  onTrackingChanged:
    m_PersistentCalls:
      m_Calls: []
    m_TypeName: Valve.VR.SteamVR_Behaviour_PoseEvent, Assembly-CSharp, Version=0.0.0.0,
      Culture=neutral, PublicKeyToken=null
--- !u!114 &114000013709408034
MonoBehaviour:
  m_ObjectHideFlags: 1
  m_PrefabParentObject: {fileID: 0}
  m_PrefabInternal: {fileID: 100100000}
  m_GameObject: {fileID: 1000011498581176}
  m_Enabled: 1
  m_EditorHideFlags: 0
  m_Script: {fileID: 11500000, guid: 6f3bba2c36dd79242b3157dbcd876bf2, type: 3}
  m_Name: 
  m_EditorClassIdentifier: 
--- !u!114 &114000013786455312
MonoBehaviour:
  m_ObjectHideFlags: 1
  m_PrefabParentObject: {fileID: 0}
  m_PrefabInternal: {fileID: 100100000}
  m_GameObject: {fileID: 133480}
  m_Enabled: 1
  m_EditorHideFlags: 0
  m_Script: {fileID: 1077351063, guid: f5f67c52d1564df4a8936ccd202a3bd8, type: 3}
  m_Name: 
  m_EditorClassIdentifier: 
  m_HorizontalAxis: Horizontal
  m_VerticalAxis: Vertical
  m_SubmitButton: Submit
  m_CancelButton: Cancel
  m_InputActionsPerSecond: 10
  m_RepeatDelay: 0.5
  m_ForceModuleActive: 0
--- !u!114 &114264410855543088
MonoBehaviour:
  m_ObjectHideFlags: 1
  m_PrefabParentObject: {fileID: 0}
  m_PrefabInternal: {fileID: 100100000}
  m_GameObject: {fileID: 1872059842282038}
  m_Enabled: 1
  m_EditorHideFlags: 0
  m_Script: {fileID: 11500000, guid: af2a6fc9f6465a64998a8be09323908c, type: 3}
  m_Name: 
  m_EditorClassIdentifier: 
  active: 1
  laserMaxDist: 200
  colOnHit: {r: 0, g: 1, b: 0, a: 1}
  colOnNotHit: {r: 1, g: 0, b: 0, a: 1}
  laserHitMask:
    serializedVersion: 2
    m_Bits: 4294967295
  mat: {fileID: 0}
  lineRenderer: {fileID: 0}
  laserHitObj: {fileID: 0}
--- !u!114 &114366865871227906
MonoBehaviour:
  m_ObjectHideFlags: 1
  m_PrefabParentObject: {fileID: 0}
  m_PrefabInternal: {fileID: 100100000}
  m_GameObject: {fileID: 125964}
  m_Enabled: 1
  m_EditorHideFlags: 0
  m_Script: {fileID: 11500000, guid: e12900426d1676a42b765db03ad85b14, type: 3}
  m_Name: 
  m_EditorClassIdentifier: 
--- !u!114 &114557375577479616
MonoBehaviour:
  m_ObjectHideFlags: 1
  m_PrefabParentObject: {fileID: 0}
  m_PrefabInternal: {fileID: 100100000}
  m_GameObject: {fileID: 125964}
  m_Enabled: 1
  m_EditorHideFlags: 0
  m_Script: {fileID: 11500000, guid: a78da3f00f3328541b4526c0b0b5ec5c, type: 3}
  m_Name: 
  m_EditorClassIdentifier: 
  lineThickness: 1
  lineIntensity: 1.51
  fillAmount: 0.1
  lineColor0: {r: 1, g: 0.76551723, b: 0, a: 1}
  lineColor1: {r: 0.7372549, g: 0.35686275, b: 0.7254902, a: 0.7411765}
  lineColor2: {r: 0, g: 0.5882353, b: 1, a: 1}
  additiveRendering: 0
  backfaceCulling: 1
  cornerOutlines: 0
  addLinesBetweenColors: 1
  scaleWithScreenSize: 1
  alphaCutoff: 0.5
  flipY: 0
  sourceCamera: {fileID: 2014920}
  outlineCamera: {fileID: 20795861487996690}
  outlineShaderMaterial: {fileID: 0}
  renderTexture: {fileID: 0}
  extraRenderTexture: {fileID: 0}
--- !u!114 &114753060554362774
MonoBehaviour:
  m_ObjectHideFlags: 1
  m_PrefabParentObject: {fileID: 0}
  m_PrefabInternal: {fileID: 100100000}
  m_GameObject: {fileID: 125964}
  m_Enabled: 1
  m_EditorHideFlags: 0
  m_Script: {fileID: 11500000, guid: ff26db721962cdf4a8edcdfa9a767d2a, type: 3}
  m_Name: 
  m_EditorClassIdentifier: 
  profile: {fileID: 11400000, guid: 28bf73b4501977f4a9c247a1d0ba4aaf, type: 2}
--- !u!114 &114930033036242884
MonoBehaviour:
  m_ObjectHideFlags: 1
  m_PrefabParentObject: {fileID: 0}
  m_PrefabInternal: {fileID: 100100000}
  m_GameObject: {fileID: 1615613145055950}
  m_Enabled: 1
  m_EditorHideFlags: 0
  m_Script: {fileID: 11500000, guid: af2a6fc9f6465a64998a8be09323908c, type: 3}
  m_Name: 
  m_EditorClassIdentifier: 
  active: 1
  laserMaxDist: 200
  colOnHit: {r: 0, g: 1, b: 0, a: 1}
  colOnNotHit: {r: 1, g: 0, b: 0, a: 1}
  laserHitMask:
    serializedVersion: 2
    m_Bits: 4294967295
  mat: {fileID: 0}
  lineRenderer: {fileID: 0}
  laserHitObj: {fileID: 0}
--- !u!114 &114967077754431268
MonoBehaviour:
  m_ObjectHideFlags: 1
  m_PrefabParentObject: {fileID: 0}
  m_PrefabInternal: {fileID: 100100000}
  m_GameObject: {fileID: 107946}
  m_Enabled: 1
  m_EditorHideFlags: 0
  m_Script: {fileID: 11500000, guid: ec8711f170db9a447b3e4cc0f17e99e3, type: 3}
  m_Name: 
  m_EditorClassIdentifier: 
  stepInfo:
    headerText: {fileID: 0}
    stepNumText: {fileID: 0}
    taskCompleted: {fileID: 0}
    taskCompleteAudio: {fileID: 8300000, guid: 10a176db9d97b1947ab1b990f78c87ff, type: 3}
    stepNum: -1
    steps:
    - beforePickUp:
        pickAreaCol: {fileID: 0}
        objToPickUp: {fileID: 0}
        audio: {fileID: 8300000, guid: 1290be2718a8c9f49b323bd4d48981ae, type: 3}
        effect: {fileID: 0}
        outlineEffect:
        - {fileID: 0}
        instructions: {fileID: 0}
      afterPickUp:
        placementCollider: {fileID: 0}
        audio: {fileID: 8300000, guid: 506146ae6c09db74eb9cd0b1a37f9c29, type: 3}
        effect: {fileID: 0}
        outlineEffect:
        - {fileID: 0}
        instructions: {fileID: 0}
        objPlaceTrans: {fileID: 0}
    - beforePickUp:
        pickAreaCol: {fileID: 0}
        objToPickUp: {fileID: 0}
        audio: {fileID: 8300000, guid: 00bc72b8b14c5244199a8ca4a8e783c0, type: 3}
        effect: {fileID: 0}
        outlineEffect:
        - {fileID: 0}
        instructions: {fileID: 0}
      afterPickUp:
        placementCollider: {fileID: 0}
        audio: {fileID: 8300000, guid: 506146ae6c09db74eb9cd0b1a37f9c29, type: 3}
        effect: {fileID: 0}
        outlineEffect:
        - {fileID: 0}
        instructions: {fileID: 0}
        objPlaceTrans: {fileID: 0}
    - beforePickUp:
        pickAreaCol: {fileID: 0}
        objToPickUp: {fileID: 0}
        audio: {fileID: 8300000, guid: 50a98c7eb9e689347a1dc3bfb4a81ef2, type: 3}
        effect: {fileID: 0}
        outlineEffect:
        - {fileID: 0}
        instructions: {fileID: 0}
      afterPickUp:
        placementCollider: {fileID: 0}
        audio: {fileID: 8300000, guid: 506146ae6c09db74eb9cd0b1a37f9c29, type: 3}
        effect: {fileID: 0}
        outlineEffect:
        - {fileID: 0}
        instructions: {fileID: 0}
        objPlaceTrans: {fileID: 0}
    - beforePickUp:
        pickAreaCol: {fileID: 0}
        objToPickUp: {fileID: 0}
        audio: {fileID: 8300000, guid: 5cec6d998337aa6468c4bd944a3837cc, type: 3}
        effect: {fileID: 0}
        outlineEffect:
        - {fileID: 0}
        instructions: {fileID: 0}
      afterPickUp:
        placementCollider: {fileID: 0}
        audio: {fileID: 8300000, guid: 506146ae6c09db74eb9cd0b1a37f9c29, type: 3}
        effect: {fileID: 0}
        outlineEffect:
        - {fileID: 0}
        instructions: {fileID: 0}
        objPlaceTrans: {fileID: 0}
    - beforePickUp:
        pickAreaCol: {fileID: 0}
        objToPickUp: {fileID: 0}
        audio: {fileID: 8300000, guid: 0987602bc372c3648a2c2228a93b5ce5, type: 3}
        effect: {fileID: 0}
        outlineEffect:
        - {fileID: 0}
        instructions: {fileID: 0}
      afterPickUp:
        placementCollider: {fileID: 0}
        audio: {fileID: 8300000, guid: 506146ae6c09db74eb9cd0b1a37f9c29, type: 3}
        effect: {fileID: 0}
        outlineEffect:
        - {fileID: 0}
        instructions: {fileID: 0}
        objPlaceTrans: {fileID: 0}
    - beforePickUp:
        pickAreaCol: {fileID: 0}
        objToPickUp: {fileID: 0}
        audio: {fileID: 8300000, guid: 9f2263f8ca026134aa56b53ca5a75204, type: 3}
        effect: {fileID: 0}
        outlineEffect:
        - {fileID: 0}
        instructions: {fileID: 0}
      afterPickUp:
        placementCollider: {fileID: 0}
        audio: {fileID: 8300000, guid: 32c6b44e9e660664f9adb05630cfa66f, type: 3}
        effect: {fileID: 0}
        outlineEffect:
        - {fileID: 0}
        instructions: {fileID: 0}
        objPlaceTrans: {fileID: 0}
    - beforePickUp:
        pickAreaCol: {fileID: 0}
        objToPickUp: {fileID: 0}
        audio: {fileID: 8300000, guid: 9abddf5b730ff3642b7592015e936388, type: 3}
        effect: {fileID: 0}
        outlineEffect:
        - {fileID: 0}
        instructions: {fileID: 0}
      afterPickUp:
        placementCollider: {fileID: 0}
        audio: {fileID: 8300000, guid: 32c6b44e9e660664f9adb05630cfa66f, type: 3}
        effect: {fileID: 0}
        outlineEffect:
        - {fileID: 0}
        instructions: {fileID: 0}
        objPlaceTrans: {fileID: 0}
    - beforePickUp:
        pickAreaCol: {fileID: 0}
        objToPickUp: {fileID: 0}
        audio: {fileID: 8300000, guid: 715976bf3ffeacc47a02489959dbff56, type: 3}
        effect: {fileID: 0}
        outlineEffect:
        - {fileID: 0}
        instructions: {fileID: 0}
      afterPickUp:
        placementCollider: {fileID: 0}
        audio: {fileID: 8300000, guid: 32c6b44e9e660664f9adb05630cfa66f, type: 3}
        effect: {fileID: 0}
        outlineEffect:
        - {fileID: 0}
        instructions: {fileID: 0}
        objPlaceTrans: {fileID: 0}
    - beforePickUp:
        pickAreaCol: {fileID: 0}
        objToPickUp: {fileID: 0}
        audio: {fileID: 8300000, guid: 5db2de7ad28213647962fc648b7e34bd, type: 3}
        effect: {fileID: 0}
        outlineEffect:
        - {fileID: 0}
        instructions: {fileID: 0}
      afterPickUp:
        placementCollider: {fileID: 0}
        audio: {fileID: 8300000, guid: 32c6b44e9e660664f9adb05630cfa66f, type: 3}
        effect: {fileID: 0}
        outlineEffect:
        - {fileID: 0}
        instructions: {fileID: 0}
        objPlaceTrans: {fileID: 0}
    - beforePickUp:
        pickAreaCol: {fileID: 0}
        objToPickUp: {fileID: 0}
        audio: {fileID: 8300000, guid: 15e138357f831bf43a3a9753afd76ff1, type: 3}
        effect: {fileID: 0}
        outlineEffect:
        - {fileID: 0}
        instructions: {fileID: 0}
      afterPickUp:
        placementCollider: {fileID: 0}
        audio: {fileID: 8300000, guid: 32c6b44e9e660664f9adb05630cfa66f, type: 3}
        effect: {fileID: 0}
        outlineEffect:
        - {fileID: 0}
        instructions: {fileID: 0}
        objPlaceTrans: {fileID: 0}
  outLineEffect: {fileID: 114557375577479616}
  laserDist: 0.2
  demoUi: {fileID: 0}
  demoStartDelay: 3
  movSpeed: 1
  touchPadPosMagForMov: 0.4
--- !u!120 &120036634801406616
LineRenderer:
  m_ObjectHideFlags: 1
  m_PrefabParentObject: {fileID: 0}
  m_PrefabInternal: {fileID: 100100000}
  m_GameObject: {fileID: 1872059842282038}
  m_Enabled: 1
  m_CastShadows: 0
  m_ReceiveShadows: 0
  m_DynamicOccludee: 1
  m_MotionVectors: 0
  m_LightProbeUsage: 0
  m_ReflectionProbeUsage: 0
  m_Materials:
  - {fileID: 2100000, guid: 842d2102ad80a9d45a74a64f71332065, type: 2}
  m_StaticBatchInfo:
    firstSubMesh: 0
    subMeshCount: 0
  m_StaticBatchRoot: {fileID: 0}
  m_ProbeAnchor: {fileID: 0}
  m_LightProbeVolumeOverride: {fileID: 0}
  m_ScaleInLightmap: 1
  m_PreserveUVs: 0
  m_IgnoreNormalsForChartDetection: 0
  m_ImportantGI: 0
  m_StitchLightmapSeams: 0
  m_SelectedEditorRenderState: 3
  m_MinimumChartSize: 4
  m_AutoUVMaxDistance: 0.5
  m_AutoUVMaxAngle: 89
  m_LightmapParameters: {fileID: 0}
  m_SortingLayerID: 0
  m_SortingLayer: 0
  m_SortingOrder: 0
  m_Positions:
  - {x: 0, y: 0, z: 0}
  - {x: 0, y: 0, z: 1}
  m_Parameters:
    serializedVersion: 2
    widthMultiplier: 0.006
    widthCurve:
      serializedVersion: 2
      m_Curve:
      - serializedVersion: 2
        time: 0
        value: 1
        inSlope: 0
        outSlope: 0
        tangentMode: 0
      m_PreInfinity: 2
      m_PostInfinity: 2
      m_RotationOrder: 4
    colorGradient:
      serializedVersion: 2
      key0: {r: 1, g: 1, b: 1, a: 1}
      key1: {r: 1, g: 1, b: 1, a: 1}
      key2: {r: 0, g: 0, b: 0, a: 0}
      key3: {r: 0, g: 0, b: 0, a: 0}
      key4: {r: 0, g: 0, b: 0, a: 0}
      key5: {r: 0, g: 0, b: 0, a: 0}
      key6: {r: 0, g: 0, b: 0, a: 0}
      key7: {r: 0, g: 0, b: 0, a: 0}
      ctime0: 0
      ctime1: 65535
      ctime2: 0
      ctime3: 0
      ctime4: 0
      ctime5: 0
      ctime6: 0
      ctime7: 0
      atime0: 0
      atime1: 65535
      atime2: 0
      atime3: 0
      atime4: 0
      atime5: 0
      atime6: 0
      atime7: 0
      m_Mode: 0
      m_NumColorKeys: 2
      m_NumAlphaKeys: 2
    numCornerVertices: 0
    numCapVertices: 0
    alignment: 0
    textureMode: 0
    generateLightingData: 0
  m_UseWorldSpace: 1
  m_Loop: 0
--- !u!120 &120060821961110420
LineRenderer:
  m_ObjectHideFlags: 1
  m_PrefabParentObject: {fileID: 0}
  m_PrefabInternal: {fileID: 100100000}
  m_GameObject: {fileID: 1615613145055950}
  m_Enabled: 1
  m_CastShadows: 0
  m_ReceiveShadows: 0
  m_DynamicOccludee: 1
  m_MotionVectors: 0
  m_LightProbeUsage: 0
  m_ReflectionProbeUsage: 0
  m_Materials:
  - {fileID: 2100000, guid: 842d2102ad80a9d45a74a64f71332065, type: 2}
  m_StaticBatchInfo:
    firstSubMesh: 0
    subMeshCount: 0
  m_StaticBatchRoot: {fileID: 0}
  m_ProbeAnchor: {fileID: 0}
  m_LightProbeVolumeOverride: {fileID: 0}
  m_ScaleInLightmap: 1
  m_PreserveUVs: 0
  m_IgnoreNormalsForChartDetection: 0
  m_ImportantGI: 0
  m_StitchLightmapSeams: 0
  m_SelectedEditorRenderState: 3
  m_MinimumChartSize: 4
  m_AutoUVMaxDistance: 0.5
  m_AutoUVMaxAngle: 89
  m_LightmapParameters: {fileID: 0}
  m_SortingLayerID: 0
  m_SortingLayer: 0
  m_SortingOrder: 0
  m_Positions:
  - {x: 0, y: 0, z: 0}
  - {x: 0, y: 0, z: 1}
  m_Parameters:
    serializedVersion: 2
    widthMultiplier: 0.006
    widthCurve:
      serializedVersion: 2
      m_Curve:
      - serializedVersion: 2
        time: 0
        value: 1
        inSlope: 0
        outSlope: 0
        tangentMode: 0
      m_PreInfinity: 2
      m_PostInfinity: 2
      m_RotationOrder: 4
    colorGradient:
      serializedVersion: 2
      key0: {r: 1, g: 1, b: 1, a: 1}
      key1: {r: 1, g: 1, b: 1, a: 1}
      key2: {r: 0, g: 0, b: 0, a: 0}
      key3: {r: 0, g: 0, b: 0, a: 0}
      key4: {r: 0, g: 0, b: 0, a: 0}
      key5: {r: 0, g: 0, b: 0, a: 0}
      key6: {r: 0, g: 0, b: 0, a: 0}
      key7: {r: 0, g: 0, b: 0, a: 0}
      ctime0: 0
      ctime1: 65535
      ctime2: 0
      ctime3: 0
      ctime4: 0
      ctime5: 0
      ctime6: 0
      ctime7: 0
      atime0: 0
      atime1: 65535
      atime2: 0
      atime3: 0
      atime4: 0
      atime5: 0
      atime6: 0
      atime7: 0
      m_Mode: 0
      m_NumColorKeys: 2
      m_NumAlphaKeys: 2
    numCornerVertices: 0
    numCapVertices: 0
    alignment: 0
    textureMode: 0
    generateLightingData: 0
  m_UseWorldSpace: 1
  m_Loop: 0
